2734 4017
394 225 478 292 18
1002 244 1074 289 D.
1122 244 1328 291 wrm
1371 243 1785 293 JUVENAHS

1142 805 1470 868 SATIRA
1522 806 1641 869 IV.

390 998 702 1143 EOOE
729 999 956 1063 iterum
983 1000 1317 1082 Crispinus,
1345 1010 1412 1063 et
1438 1010 1533 1063 est
1557 1001 1711 1063 mihi
1736 1021 1919 1083 saepe
1944 1004 2263 1067 vocandus

585 1097 695 1158 Ad
720 1108 942 1178 partes,
971 1109 1314 1160 monstrum
1345 1100 1515 1160 nulla
1540 1100 1775 1161 virtute
1802 1101 2198 1182 redemptum

384 1194 448 1255 A
477 1195 663 1271 vitiis,
693 1214 875 1276 aeger
903 1196 1153 1277 solaque
1181 1196 1438 1257 libidine
1465 1197 1675 1273 fortis:

383 1292 658 1354 Delicias
684 1292 912 1353 viduae
941 1303 1187 1354 tantum
1217 1304 1582 1374 aspernatur
1609 1296 1871 1357 adulter.

387 1391 558 1464 Quid
585 1390 773 1452 refert
798 1391 991 1471 igitur
1017 1391 1264 1471 quantis
1286 1391 1575 1472 jumenta
1601 1393 1843 1474 fatiget,

385 1488 753 1565 Porticibus,
783 1498 1016 1569 quanta
1043 1508 1367 1549 nemorum
1410 1500 1683 1551 ¹sectetur
1709 1491 1774 1551 in
1805 1491 2023 1552 umbra

382 1587 427 1648 J
430 1606 616 1668 ugera
643 1595 797 1668 quot
824 1587 1027 1647 vicina
1053 1588 1204 1662 for0,
1236 1608 1388 1668 quas
1417 1588 1638 1649 emerit
1666 1589 1851 1651 aedes
1869 1590 1900 1649 P

384 1682 591 1745 Nemo
620 1684 817 1745 malus
842 1684 1007 1758 felix,
1036 1684 1291 1745 minime
1319 1694 1644 1766 corruptor
1670 1695 1736 1746 et
1761 1686 1930 1747 idem

385 1780 683 1856 Incestus,
712 1801 856 1844 cum
884 1801 1006 1862 quo
1035 1802 1229 1861 nuper
1257 1782 1487 1843 vittata
1513 1782 1767 1861 jacebat

387 1878 700 1958 Sanguine
729 1879 933 1939 adhuc
960 1878 1106 1940 vivo
1133 1889 1364 1939 terram
1392 1879 1671 1941 subitura
1697 1880 1999 1942 sacerdos.

387 1975 515 2037 Sed
542 1996 707 2037 nunc
735 1976 814 2036 de
841 1976 1018 2037 factis
1045 1976 1381 2037 levioribus
1405 1996 1420 2036 ε
1462 1987 1527 2038 et
1555 1987 1767 2038 tamen
1797 1978 1957 2038 alter

388 2073 456 2133 Si
481 2073 725 2134 fecisset
750 2073 919 2134 idem
947 2073 1198 2135 caderet
1227 2074 1343 2135 sub
1365 2074 1581 2152 judice
1607 2094 1870 2136 morum.

384 2169 553 2231 Nam
582 2171 749 2251 quod
776 2181 959 2251 turpe
986 2171 1166 2232 bonis
1194 2171 1365 2232 Titio
1397 2171 1663 2251 Seioque
1692 2171 1957 2233 decebat

386 2267 757 2349 Crispinum.
841 2267 1010 2341 Quid
1041 2288 1185 2348 agas
1214 2289 1409 2349 quum
1436 2268 1571 2328 dira
1596 2278 1666 2329 et
1692 2268 1931 2329 foedior
1956 2269 2125 2331 omni

387 2364 658 2425 Crimine
684 2384 949 2445 persona
975 2374 1071 2427 est
1088 2367 1119 2426 P
1197 2365 1468 2426 Mullum
1495 2386 1605 2426 sex
1631 2366 1902 2426 millibus
1929 2367 2080 2427 emit

384 2460 780 2542 Aequantem
807 2481 952 2523 sane
979 2462 1229 2543 paribus
1256 2462 1542 2524 sestertia
1567 2463 1757 2538 libris,

386 2558 484 2621 Ut,
510 2560 839 2639 perhibent
867 2560 973 2641 qui
1001 2548 1080 2621 de
1106 2561 1351 2641 magnis
1379 2560 1615 2640 majora
1639 2562 2002 2642 loquuntur.

387 2655 730 2717 Consilium
756 2657 945 2718 laudo
973 2657 1243 2733 artificis,
1272 2658 1325 2719 si
1350 2678 1609 2718 munere
1638 2667 1817 2719 tauto

386 2753 796 2835 Praecipuam
822 2753 888 2814 in
917 2755 1144 2816 tabulis
1173 2775 1380 2817 ceram
1408 2753 1571 2815 senis
1599 2753 1856 2816 abstulit
1882 2753 2034 2816 orbi.

386 2850 504 2912 Est
529 2852 689 2914 ratio
718 2853 971 2914 ulterior
998 2872 1259 2934 magnae
1285 2852 1338 2914 si
1363 2852 1536 2913 misit
1563 2851 1816 2929 amicae,

389 2947 565 3019 Quae
594 2950 843 3012 vehitur
869 2951 1079 3013 clauso
1104 2950 1250 3013 latis
1276 2949 1694 3032 specularibus
1723 2960 1921 3013 antro.

388 3045 499 3108 Nil
527 3046 653 3108 tale
680 3059 1034 3129 exspectes:
1076 3049 1227 3109 emit
1255 3048 1389 3109 sibi.
1469 3048 1677 3111 Multa
1703 3048 1990 3111 videmus

391 3138 568 3218 Quae
595 3145 782 3207 miser
808 3154 873 3207 et
898 3145 1062 3227 frugi
1089 3166 1213 3206 non
1241 3145 1388 3207 fecit
1415 3144 1695 3225 Apicius.
1775 3146 1918 3208 Hoc
1944 3155 2017 3208 tu

394 3242 760 3305 Succinctus
785 3242 988 3324 patria
1014 3243 1345 3324 quondam,
1376 3241 1677 3323 Crispine,
1704 3263 1960 3325 papyro.

392 3339 534 3401 Hoc
560 3340 830 3421 pretium
857 3340 1183 3421 squamae!
1258 3339 1488 3428 ,Potuit
1515 3340 1773 3402 fortasse
1802 3340 2059 3403 minoris

391 3437 675 3500 Piscator
700 3456 884 3518 quam
913 3436 1098 3519 piscis
1125 3436 1264 3498 emi.
1344 3437 1677 3498 Provincia
1703 3437 1865 3499 tanti

2338 1896 2397 1939 10

2335 2382 2396 2426 15

2338 2868 2399 2914 20

2337 3354 2400 3400 25
