2734 4017
1113 236 1387 285 SATIRA
1433 238 1594 286 v111.
2268 222 2354 286 39

328 403 446 464 Sic
471 403 799 465 laudamus
826 422 1052 484 equum
1079 404 1244 465 facili
1271 404 1373 464 cui
1397 404 1665 484 plurima
1688 405 1897 485 palma

330 502 571 562 Fervet
601 511 667 562 et
696 498 966 562 exsultat
995 521 1180 563 rauco
1209 501 1471 562 victoria
1501 501 1701 562 CircO.

333 598 588 659 Nobilis
613 599 734 673 hic,
764 618 1132 679 quocunque
1162 598 1337 660 venit
1366 598 1447 658 de
1475 598 1770 678 gramine,
1799 600 1973 680 cujus
2294 613 2357 659 60

337 695 528 756 Clara
551 695 700 775 fuga
728 704 874 757 ante
903 695 1055 756 alios
1084 705 1150 756 et
1176 695 1414 775 primus
1441 695 1508 754 in
1536 713 1801 775 aequore
1828 696 2072 778 pulvis:

339 790 473 852 Sed
500 792 720 852 venale
748 810 937 872 pecus
968 792 1281 871 corythae
1308 791 1641 871 posteritas
1668 802 1734 854 et
1816 817 1821 824 ·

337 886 595 967 Hirpini
621 887 671 948 si
697 907 837 948 rara
854 888 1014 968 jugo
1042 887 1328 949 Victoria
1355 889 1537 950 sedit.

337 983 456 1044 Nil
483 983 570 1043 ibi
595 983 900 1063 majorum
927 994 1263 1065 respectae,
1290 986 1497 1066 gratia
1523 988 1695 1047 nulla

339 1081 764 1144 Umbrarum:
807 1082 1091 1143 dominos
1119 1082 1337 1164 pretiis
1364 1095 1607 1146 mutare
1624 1086 1930 1166 jubentur
2294 1097 2362 1144 65

339 1179 622 1261 Exiguis,
649 1179 800 1240 trito
830 1179 1070 1241 ducunt
1097 1181 1373 1260 epiredia
1400 1183 1561 1243 collo

344 1277 730 1359 Segnipedes
760 1276 1058 1358 dignique
1088 1278 1314 1338 molam
1345 1299 1590 1340 versare
1618 1280 1903 1361 Nepotis.

340 1375 516 1456 Ergo
545 1384 617 1437 ut
641 1375 938 1437 miremur
964 1386 1031 1436 te
1059 1396 1186 1436 non
1213 1386 1340 1452 tua,
1367 1377 1635 1457 primum
1664 1378 1896 1459 aliquid
1925 1378 2007 1439 da

345 1472 535 1546 Quod
562 1472 794 1553 possim
822 1472 1024 1534 titulis
1053 1472 1341 1549 incidere,
1370 1483 1618 1554 praeter
1642 1476 1908 1537 honores

344 1571 522 1644 Quos
548 1570 670 1632 illis
698 1569 918 1631 damus
947 1580 1013 1632 et
1041 1571 1326 1632 dedimus
1355 1572 1579 1652 quibus
1606 1572 1814 1633 omnia
1854 1573 2061 1633 debes.
2302 1587 2367 1633 w

428 1667 605 1729 Haec
632 1668 782 1729 satis
812 1668 893 1728 ad
912 1668 1211 1748 juvenem
1241 1689 1425 1749 quem
1457 1669 1633 1730 nobis
1658 1670 1823 1729 fama
1850 1671 2185 1749 superbum

346 1765 571 1827 Tradit
598 1774 667 1827 et
693 1765 982 1826 inflatum
1009 1766 1384 1846 plenumque
1412 1766 1667 1827 Nerone
1693 1767 2078 1848 propinquo:

346 1864 552 1924 Rarus
580 1863 748 1924 enim
773 1862 966 1923 ferme
995 1882 1211 1923 sensus
1241 1862 1583 1923 communis
1609 1862 1673 1922 in
1702 1863 1810 1923 illa

346 1962 650 2022 Fortuna.
732 1959 861 2021 Sed
888 1972 953 2021 te
983 1960 1217 2020 censeri
1246 1960 1431 2020 laude
1458 1968 1726 2036 tuorum,

346 2058 632 2134 Pontice,
659 2057 966 2120 noluerim
993 2057 1084 2118 sic
1112 2066 1184 2117 ut
1211 2057 1367 2117 nihil
1394 2058 1526 2137 ipse
1553 2058 1799 2118 futurae
2303 2074 2366 2121 75

347 2155 583 2217 Laudis
612 2175 777 2237 agas.
861 2155 1163 2215 Miserum
1191 2165 1288 2215 est
1317 2154 1579 2215 aliorum
1604 2155 1960 2216 incumbere
1987 2156 2206 2232 famae,

347 2253 454 2314 Ne
483 2254 754 2333 collapsa
785 2262 969 2313 ruant
999 2251 1319 2313 subductis
1347 2260 1518 2312 tecta
1546 2251 1867 2312 columnis.
2107 2249 2112 2256 ’

353 2349 600 2410 Stratus
628 2350 803 2410 humi
830 2349 1066 2429 palmes
1095 2335 1320 2408 viduas
1348 2347 1663 2407 desiderat
1691 2347 1910 2409 ulmos.

349 2447 511 2508 Esto
537 2447 738 2508 bonus
765 2447 960 2519 miles,
987 2454 1164 2506 tutor
1190 2446 1411 2518 bonus,
1441 2444 1671 2504 arbiter
1696 2444 1863 2506 idem

350 2544 634 2624 Integer3
676 2544 999 2624 ambiguae
1029 2543 1082 2604 si
1111 2542 1362 2623 quando
1396 2541 1665 2602 citabere
1694 2542 1875 2602 testis
2306 2558 2372 2606 80

350 2640 760 2721 Incertaeque
788 2641 894 2715 rei,
924 2639 1207 2700 Phalaris
1234 2639 1385 2699 licet
1413 2638 1677 2718 imperet
1704 2647 1776 2699 ut
1807 2639 1890 2700 sis

353 2738 577 2799 Falsus
606 2747 673 2799 et
701 2738 957 2799 admoto
985 2738 1185 2798 dictet
1210 2736 1483 2818 perjuria
1506 2744 1710 2811 tauro,

357 2837 682 2896 Summum
710 2836 892 2896 crede
920 2836 1092 2895 nefas
1121 2834 1386 2895 animam
1416 2833 1723 2914 praeferre
1750 2832 1975 2912 pudori

354 2932 444 2994 Et
469 2942 724 3014 propter
750 2932 948 2993 vitam
977 2931 1236 3005 vivendi
1262 2931 1522 3012 perdere
1554 2949 1791 2991 causas.

356 3029 606 3109 Dignus
633 3039 834 3090 morte
862 3027 1042 3109 perit,
1071 3037 1293 3089 coenet
1319 3030 1469 3090 licet
1498 3038 1706 3088 ostrea
1733 3036 1986 3089 centum
2307 3041 2374 3086 85

358 3128 648 3189 Gaurana
674 3135 740 3186 et
769 3126 980 3187 Cosmi
1007 3134 1145 3185 toto
1174 3134 1492 3205 mergatur
1521 3145 1695 3185 aeno.

440 3223 821 3303 Exspectata
848 3223 954 3283 diu
984 3222 1237 3283 tandem
1265 3221 1584 3302 provincia
1611 3243 1804 3303 quum
1830 3231 1896 3283 te

361 3319 697 3380 Rectorem
727 3320 1006 3400 accipiet,
1036 3337 1198 3398 pone
1225 3319 1353 3378 irae
1383 3318 1593 3378 fraena
1617 3319 2015 3400 modumque,

364 3417 542 3478 Pone
570 3424 636 3478 et
662 3416 976 3492 avaritiae,
1007 3416 1298 3476 miserere
1325 3415 1586 3495 inopum
1613 3417 1961 3491 sociorum3
