2734 4017
1145 251 1421 300 sA‘rmA
1463 250 1575 298 111.
2279 229 2380 300 15

357 417 628 478 Centum
656 415 994 492 convivae3
1035 405 1314 497 sequitur
1339 435 1451 477 sua
1478 435 1783 497 quemque
1812 415 2018 478 culina
2271 417 2367 477 256

357 515 631 576 Corbulo
657 514 765 573 vix
792 514 980 574 ferret
1007 523 1105 574 tot
1132 533 1281 574 vasa
1308 514 1604 594 ingentia,
1633 523 1732 575 tot
1759 534 1857 576 res

355 611 691 692 Impositas
718 610 925 691 capiti,
952 620 1107 691 quot
1131 620 1303 672 recto
1331 611 1565 671 vertice
1592 622 1804 691 portat

359 710 657 773 Servulus
682 707 897 768 infelix
923 717 989 768 et
1017 727 1198 768 cursu
1227 693 1492 770 ventilat
1517 709 1745 790 ignem.

306 857 311 862 .
360 808 748 872 Scinduntur
771 804 1020 867 tunicae
1048 816 1249 870 sartae
1276 789 1505 884 ιῐῖοᾱος
1546 809 1736 890 longa
1762 819 2045 872 coruscat

359 908 620 969 Sarraco
647 904 940 966 veniente
968 903 1161 986 abies,
1185 913 1372 984 atque
1400 906 1596 966 altera
1620 907 1838 987 pinum
2273 922 2371 969 255

359 1006 651 1067 Plaustra
675 1004 952 1088 vehunt3
991 1010 1220 1063 nutant
1247 1004 1373 1064 alte
1400 1006 1754 1085 populoque
1781 1004 2134 1066 minantur:

358 1103 530 1163 Nam
557 1103 609 1164 si
636 1101 967 1183 procubuit
994 1101 1102 1181 qui
1129 1121 1278 1163 saxa
1303 1100 1623 1183 Ligustica
1648 1112 1860 1183 portat

359 1201 521 1263 Axis
548 1208 614 1262 et
641 1220 926 1261 eversum
951 1199 1116 1264 fudit
1145 1219 1329 1280 super
1356 1201 1608 1281 agmina
1632 1210 1931 1277 montem,

361 1298 533 1374 Quid
561 1307 841 1379 superest
870 1298 947 1357 de
976 1297 1335 1378 corporibus
1353 1299 1385 1358 1³
1425 1299 1563 1380 quis
1589 1299 1883 1374 membra,
1912 1297 2049 1380 quis
2076 1317 2215 1360 ossa

359 1397 616 1459 Invenit
630 1397 661 1456 1³
742 1395 1062 1457 Obtritum
1089 1395 1266 1478 vulgi
1294 1396 1458 1477 perit
1484 1415 1668 1457 omne
1698 1397 1970 1458 cadaver
2278 1410 2373 1457 260

357 1496 539 1558 More
567 1494 826 1555 animae.
907 1493 1151 1555 Domus
1177 1494 1419 1555 interea
1445 1514 1660 1556 secura
1685 1494 1947 1576 patellas

357 1594 402 1655 J
403 1613 505 1654 am
532 1595 704 1653 lavat
729 1602 796 1653 et
820 1591 1016 1653 bucca
1041 1592 1312 1652 foculum
1340 1591 1574 1653 excitat
1600 1601 1665 1653 et
1692 1600 1872 1653 sonat
1900 1591 2102 1653 unctis

362 1690 698 1771 Striglibus
725 1700 793 1751 et
819 1691 1005 1770 pleno
1034 1690 1353 1769 componit
1380 1690 1576 1752 lintea
1600 1698 1805 1770 gutto.

360 1788 538 1849 Haec
564 1788 728 1847 inter
754 1807 979 1870 pueros
1006 1787 1176 1847 varie
1203 1796 1646 1867 properantur:
1690 1796 1756 1847 at
1783 1786 1887 1847 ille

357 1885 402 1946 J
405 1906 506 1945 am
535 1884 712 1946 sedet
739 1884 804 1943 in
833 1867 968 1963 ripa
995 1893 1350 1964 tetrumque
1378 1882 1660 1943 novicius
1685 1882 1896 1943 horret
2061 1912 2067 1918 ·
2274 1894 2370 1940 265

361 1982 719 2056 Porthmea,
741 2001 857 2042 nec
885 1989 1092 2061 sperat
1119 1979 1369 2042 coenosi
1394 1979 1659 2060 gurgitis
1688 1980 1899 2056 alnum

360 2080 605 2155 Infelix,
634 2100 751 2140 nec
776 2079 967 2140 habet
994 2097 1180 2158 quem
1208 2077 1486 2158 porrigat
1514 2096 1620 2137 ore
1648 2077 1958 2138 trientem.

442 2177 708 2259 Respice
735 2197 903 2238 nunc
930 2176 1052 2236 alia
1078 2194 1151 2235 ac
1178 2174 1424 2234 diversa
1449 2173 1722 2254 pericula
1746 2173 1984 2235 noctis:

363 2276 553 2356 Quod
580 2275 848 2357 spatium
876 2274 1063 2337 tectis
1090 2263 1473 2346 sublimibus,
1499 2270 1666 2331 unde
1694 2271 2013 2332 cerebrum

360 2374 553 2436 Testa
580 2373 740 2449 ferit,
768 2373 1012 2455 quoties
1038 2371 1267 2432 rimosa
1294 2379 1361 2430 et
1389 2377 1566 2429 curta
1590 2368 1875 2430 fenestris
2276 2381 2371 2428 27⁰

360 2472 536 2534 Vasa
562 2473 833 2547 cadunt3
874 2481 1109 2553 quanto
1135 2488 1492 2551 percussum
1522 2466 1797 2547 pondere
1825 2465 2100 2547 signent.

362 2572 451 2634 Et
477 2572 731 2633 laedant
757 2570 1009 2632 silicem.
1091 2566 1301 2629 Possis
1327 2566 1591 2647 ignavus
1617 2563 1831 2625 haberi

363 2669 452 2732 Et
479 2669 667 2731 subiti
695 2688 870 2730 casus
895 2667 1297 2748 improvidus,
1327 2664 1409 2725 ad
1437 2680 1694 2723 coenam
1722 2661 1776 2722 si

364 2771 708 2829 Intestatus
737 2785 858 2827 eas.
938 2764 1122 2839 Adeo
1149 2772 1249 2825 tot
1275 2762 1405 2824 fata
1431 2769 1586 2842 quot
1611 2759 1721 2820 illa

364 2865 573 2926 Nocte
599 2872 821 2945 patent
846 2862 1067 2943 vigiles
1094 2870 1159 2923 te
1185 2868 1619 2942 praetereunte
1648 2858 1972 2918 fenestrae.
2274 2870 2374 2918 275

366 2962 537 3045 Ergo
565 2970 745 3043 optes
756 2941 1115 3040 (votumque
1142 2958 1300 3019 feras
1328 2956 1677 3018 miserabile
1706 2964 1935 3030 tecum,
1961 2945 1976 2988 ¹
2112 2965 2120 2970 ·

365 3059 464 3123 Ut
492 3061 615 3121 sint
643 3067 971 3120 contentae
998 3055 1242 3136 patulas
1270 3055 1610 3116 defundere
1636 3055 1869 3135 pelves.

446 3156 674 3218 Ebrius
701 3139 781 3216 ae
793 3154 1083 3235 'petulans
1113 3152 1219 3234 qui
1245 3152 1488 3214 nullum
1514 3153 1676 3214 forte
1704 3151 1931 3214 cecidit

366 3252 497 3316 Dat
523 3273 770 3334 poenas,
798 3260 1047 3313 noctem
1075 3249 1313 3330 patitur
1337 3248 1608 3329 lugentis
1637 3249 1904 3311 amicum

368 3350 641 3430 Pelidae,
668 3349 854 3410 cubat
880 3348 946 3408 in
975 3347 1207 3420 faciem,
1236 3366 1383 3406 mox
1411 3346 1636 3407 deinde
1666 3346 1940 3427 supinus.
2278 3358 2375 3406 280

370 3445 538 3530 Ergo
564 3466 689 3507 non
720 3443 899 3506 aliter
922 3442 1154 3525 poterit
1182 3442 1494 3503 dormire?
1575 3443 1964 3516 Quibusdam
