2734 4017
1126 255 1402 304 SATIRA
1448 255 1606 304 vm.
2279 237 2365 299 43

346 423 608 505 Sipario,
639 424 981 485 clamosum
1005 441 1222 504 ageres
1249 431 1323 483 ut
1347 422 1624 483 Phasma
1653 423 1921 484 Catulli:

343 520 722 582 Laureolum
748 520 935 581 velox
962 521 1152 580 etiam
1181 521 1340 581 bene
1367 519 1672 580 Lentulus
1699 521 1847 600 egit,

340 618 385 680 J
387 619 572 679 udice
597 637 700 678 me
728 617 962 698 dignus
989 636 1139 677 vera
1164 636 1364 677 cruce.
1444 616 1512 678 N
1513 636 1585 677 ec
1612 626 1820 677 tamen
1847 616 1966 697 ipsi

340 714 644 796 Ignoscas
669 715 940 796 populo:
980 713 1197 794 populi
1223 714 1397 775 frons
1423 713 1635 773 durior
1659 713 1859 793 hujus,

345 813 473 887 Qui
500 813 680 875 sedet
708 822 774 874 et
801 821 1046 893 spectat
1075 811 1390 871 triscurria
1415 810 1832 891 patriciorum,
2275 826 2369 872 ino

344 910 724 991 Planipedes
752 910 929 971 audit
958 907 1207 981 Fabios,
1234 908 1438 968 ridere
1465 917 1675 989 potest
1702 908 1810 989 qui

344 1008 803 1069 Mamercorum
829 1008 1056 1088 alapas.
1141 1003 1383 1077 Quanti
1410 1024 1522 1065 sua
1547 1006 1765 1066 funera
1791 1005 2069 1066 vendant

346 1105 521 1177 Quid
547 1105 735 1166 refert
753 1104 785 1164 ‘1’
862 1104 1173 1167 Vendunt
1201 1102 1378 1163 nullo
1405 1111 1670 1182 cogente
1697 1102 1971 1177 Nerone,

344 1202 410 1261 N
414 1222 487 1263 ec
514 1203 806 1265 dubitant
833 1203 982 1265 celsi
1009 1200 1327 1263 Praetoris
1357 1200 1630 1261 vendere
1657 1200 1838 1261 ludis.

345 1299 552 1380 Finge
578 1310 789 1361 tamen
816 1300 1058 1380 gladios
1084 1299 1250 1374 inde,
1282 1309 1471 1379 atque
1497 1298 1645 1359 hinc
1671 1298 1916 1379 pulpita
1939 1317 2136 1378 pone:
2273 1312 2367 1359 195

345 1396 521 1470 Quid
547 1397 742 1458 satius
759 1398 789 1457 ⁴?
830 1397 1102 1458 Mortem
1130 1398 1219 1459 sic
1249 1398 1577 1478 quisquam
1604 1395 1922 1457 exhorruit
1951 1405 2022 1456 ut
2048 1396 2129 1457 sit

346 1495 690 1575 Zelotypus
716 1495 1070 1576 Thymeles,
1097 1496 1333 1575 stupidi
1362 1497 1605 1576 collega
1634 1493 1969 1557 Corinthi?

344 1593 479 1655 Res
503 1593 674 1654 haud
700 1593 857 1654 mira
881 1602 1093 1654 tamen
1123 1594 1485 1655 citharoedo
1515 1593 1806 1674 Principe
1833 1593 2058 1653 mimus

344 1690 612 1751 Nobilis.
693 1689 871 1751 Haec
899 1691 1062 1751 ultra
1088 1690 1241 1772 quid
1271 1690 1391 1753 erit
1417 1691 1536 1753 nisi
1564 1691 1793 1753 ludus?
1872 1690 1961 1751 Et
1987 1690 2142 1750 illud

343 1786 639 1849 Dedecus
664 1787 861 1852 Urbis
885 1788 1111 1864 habes;
1153 1808 1271 1850 nec
1297 1788 1688 1850 mirmillonis
1713 1788 1779 1849 in
1808 1788 2009 1861 armis,
2273 1802 2365 1849 200

343 1883 414 1944 N
416 1904 488 1945 ec
515 1885 715 1965 clipeo
743 1884 1092 1946 Gracchum
1119 1895 1506 1966 pugnantem
1537 1895 1646 1946 aut
1673 1886 1829 1946 falce
1858 1884 2095 1964 supina,

350 1981 658 2061 (Damnat
686 1982 853 2042 enim
881 1983 1039 2043 tales
1067 1983 1351 2057 habitus;
1393 1992 1458 2043 et
1486 1983 1743 2043 damnat
1770 1991 1835 2042 et
1863 1981 2025 2061 odit)

344 2079 488 2140 Nec
512 2079 694 2159 galea
718 2079 938 2140 faciem
967 2080 1335 2155 abscondit;
1377 2089 1591 2141 movet
1618 2100 1759 2141 ecce
1788 2079 2163 2154 tridentem3

343 2175 688 2256 Postquam
715 2176 940 2236 librata
965 2177 1309 2255 pendentia
1334 2178 1493 2239 retia
1520 2178 1744 2238 dextra

343 2272 788 2353 Nequidquam
816 2272 1053 2347 effudit,
1080 2274 1321 2334 nudum
1349 2276 1429 2334 ad
1458 2274 1809 2355 spectacula
1836 2274 2084 2336 vultum
2270 2289 2365 2336 205

343 2368 553 2449 Erigit
580 2379 644 2430 et
671 2377 807 2429 tota
831 2368 992 2449 fugit
1022 2371 1454 2450 agnoscendus
1483 2392 1684 2433 arena.

347 2467 688 2528 Credamus
716 2466 981 2542 tunicae,
1011 2469 1091 2528 de
1119 2468 1402 2530 faucibus
1429 2490 1613 2530 aurea
1642 2490 1829 2551 quum
1859 2490 1925 2539 se

344 2562 638 2644 Porrigat
664 2573 729 2624 et
755 2565 946 2645 longo
975 2565 1256 2645 jactetur
1282 2568 1450 2647 spira
1474 2569 1702 2649 galero.

345 2660 518 2741 Ergo
544 2661 944 2741 ignominiam
973 2663 1328 2743 graviorem
1354 2666 1614 2746 pertulit
1641 2666 1809 2726 omni

347 2756 623 2819 Vulnere
651 2777 792 2818 cum
819 2758 1102 2821 Graccho
1136 2762 1346 2841 jussus
1376 2784 1652 2844 pugnare
1680 2774 1941 2825 secutor.
2265 2778 2361 2821 210

425 2853 650 2916 Libera
675 2855 728 2916 si
756 2856 985 2925 dentur
1012 2863 1246 2941 populo
1275 2861 1581 2941 suffragia,
1610 2862 1746 2942 quis
1773 2872 1900 2922 tam

310 3035 313 3038 y
352 2950 639 3012 Pel-ditus
665 2961 739 3014 ut
765 2953 1014 3018 dubitet
1046 2958 1347 3019 Senecam
1377 2959 1681 3041 praeferre
1708 2959 1996 3022 Neroni?

347 3048 460 3128 Ouj
470 3069 539 3109 us
566 3051 868 3131 suppIIcio
897 3076 1024 3125 non
1054 3056 1272 3118 debuit
1300 3077 1427 3119 una.
1452 3057 1656 3138 parari

348 3147 555 3221 Simia,
583 3168 700 3210 nec
729 3172 982 3234 serpens
1008 3175 1186 3229 unus,
1212 3175 1330 3217 nec
1356 3157 1567 3217 culeus
1592 3175 1768 3216 unus.

344 3242 472 3304 Par'
494 3244 1074 3327 Agamemnonidae
1105 3251 1333 3314 crimen
1358 3274 1376 3329 ;
1419 3254 1529 3314 sed
1559 3273 1742 3314 causa
1767 3252 1916 3315 facit
1942 3274 2075 3317 rem
2262 3267 2355 3315 211·

342 3340 758 3422 Dissimilem3
802 3348 1028 3428 quippe
1058 3348 1162 3409 ille
1192 3349 1325 3410 deis
1353 3351 1708 3412 auctoribus
1735 3352 1903 3412 ultor

345 3438 552 3505 Patris
580 3453 713 3505 erat
740 3445 902 3505 caesi
929 3445 1136 3505 media
1161 3445 1325 3507 inter
1350 3449 1591 3526 pocula,
1625 3449 1734 3509 sed
1763 3468 1879 3508 neo
