2734 4017
956 248 963 252 ·
1071 246 1345 295 sA'rnzA
1390 247 1520 294 vn.
2267 230 2351 295 33

332 417 407 478 Si
434 426 655 498 quater
682 416 884 496 egisti.
967 414 1037 475 Si
1063 413 1328 493 contigit
1362 432 1584 473 aureus
1611 433 1790 489 unus,

329 513 493 574 Inde
522 515 755 575 cadunt
781 523 987 593 partes
1016 531 1092 572 ex
1118 512 1365 571 foedere
1395 512 1934 590 pragmaticorum.

330 610 605 671 Aemilio
634 610 883 670 dabit-ur
909 618 1213 689 quantum
1239 608 1410 683 libet,
1440 617 1504 669 et
1531 608 1751 669 melius
1779 630 1894 671 nos

330 707 629 787 Egimus:
668 694 850 786 hujus
878 706 1045 766 enim
1073 714 1200 766 stat
1228 723 1441 765 currus
1470 724 1715 781 aeneus,
1746 707 1856 767 alti
2260 722 2355 768 125

333 804 595 884 Quadi-ij
604 823 753 884 uges
780 804 843 862 in
874 802 1215 877 vestibulis,
1247 812 1435 882 atque
1464 803 1595 883 ipse
1623 804 1814 865 feroci

331 903 651 964 Bellatore
680 900 900 962 sedens
930 909 1259 960 curvatum
1286 901 1512 962 hastile
1539 902 1815 963 minatur

332 1000 597 1061 Eminus
625 1008 691 1060 et
719 1008 926 1060 statua
953 997 1292 1059 meditatur
1317 998 1554 1079 proelia
1580 1000 1767 1060 lusca.

335 1098 441 1158 Sic
468 1096 646 1157 Pedo
674 1096 1023 1169 conturbat,
1051 1094 1275 1156 Matho
1305 1095 1550 1172 deficit3
1594 1098 1799 1158 exitus
1825 1096 1928 1157 hic
1955 1104 2051 1157 est

335 1195 632 1276 Tongilii,
659 1214 889 1276 magno
925 1213 1067 1254 cum
1094 1194 1486 1254 rhinocerote
1515 1195 1710 1255 lavari
2261 1208 2354 1254 130

336 1293 464 1366 Qui
492 1294 649 1354 solet
679 1302 743 1354 et
772 1302 962 1353 vexat
989 1293 1303 1353 lutulenta
1329 1294 1552 1353 balnea
1579 1295 1764 1355 turba

336 1391 583 1472 Perque
610 1390 811 1451 forum
830 1391 1099 1470 juvenes
1127 1391 1317 1471 longo
1345 1391 1572 1470 premit
1601 1410 1800 1451 assere
1826 1390 2068 1465 Medos,

333 1487 678 1568 Empturus
705 1506 947 1567 pueros,
977 1497 1324 1567 argentum,
1353 1487 1644 1562 murrina,
1674 1487 1887 1563 villas3

337 1584 621 1665 Spondet
649 1584 814 1644 enim
843 1584 1038 1664 Tyrio
1067 1585 1346 1645 stlataria
1372 1604 1646 1664 purpura
1670 1584 1796 1645 filo.

334 1682 424 1743 Et
449 1692 659 1742 tamen
688 1689 784 1742 est
811 1681 932 1742 illis
959 1683 1080 1742 hoc
1108 1681 1298 1742 utile:
1339 1700 1613 1761 purpura
1638 1681 1858 1742 vendit
2263 1695 2356 1739 135

338 1780 752 1856 Causidicum,
780 1780 1066 1840 vendunt
1095 1779 1548 1859 amethystina:
1591 1778 1883 1838 convenit
1909 1778 2033 1838 illis

335 1878 424 1940 Et
452 1878 716 1958 strepitu
745 1886 810 1938 et
837 1876 994 1937 facie
1020 1875 1271 1956 majoris
1298 1876 1507 1935 vivere
1536 1894 1773 1935 census.

339 1975 468 2037 Sed
494 1976 684 2035 finem
710 1975 1029 2054 impensae
1058 1994 1184 2035 non
1213 1981 1421 2034 servat
1448 1973 1710 2052 prodiga
1737 1971 1957 2033 Roma.

337 2074 621 2135 Fidimus
648 2072 894 2153 eloquio
914 2072 944 2131 ‘2’
1028 2071 1314 2134 Ciceroni
1341 2091 1532 2133 nemo
1561 2072 1862 2132 ducentos

336 2173 526 2233 Nunc
553 2172 798 2234 dederit
826 2191 1112 2233 nummos
1140 2169 1259 2230 nisi
1285 2169 1526 2230 fulserit
1554 2169 1818 2229 annulus
1846 2169 2081 2249 ingens.
2264 2184 2355 2229 14o

337 2270 620 2351 Respicit
645 2272 801 2333 haec
828 2270 1098 2351 primum
1126 2268 1232 2349 qui
1259 2267 1486 2347 litigat,
1516 2286 1593 2327 an
1622 2266 1738 2327 tibi
1766 2267 1928 2328 servi

339 2369 522 2443 Oct0,
553 2369 769 2431 decem
800 2368 1075 2441 comites,
1105 2386 1183 2426 an
1210 2375 1356 2446 post
1383 2374 1449 2424 te
1478 2365 1645 2438 sella,
1674 2365 1875 2444 togati

339 2468 513 2528 Ante
539 2468 749 2549 pedes.
831 2467 987 2528 Ideo
1016 2465 1326 2527 conducta
1354 2462 1612 2523 Paullus
1641 2463 1867 2541 agebat

341 2565 761 2645 Sardonyche,
793 2575 978 2645 atque
1005 2563 1150 2624 ideo
1178 2561 1371 2642 pluris
1402 2578 1589 2640 quam
1620 2559 1845 2620 Cossus
1874 2560 2117 2639 agebat,

341 2662 548 2735 Quam
576 2663 839 2724 Basilus.
920 2660 1088 2722 Rara
1114 2660 1179 2720 in
1208 2659 1385 2719 tenui
1411 2656 1702 2717 facundia
1728 2676 1953 2736 panno.
2265 2672 2358 2717 145

341 2760 610 2833 Quando
638 2761 786 2821 licet
814 2758 1025 2819 Basilo
1053 2758 1306 2818 flentem
1332 2755 1677 2837 producere
1703 2763 1966 2814 matrem
1982 2754 2012 2813 ⁴?

342 2857 499 2930 Quis
525 2857 685 2916 bene
714 2856 1026 2916 dicentem
1057 2853 1333 2914 Basilum
1361 2852 1566 2913 ferat?
1648 2850 1941 2932 Accipiat
1974 2860 2037 2911 te

341 2954 545 3014 Gallia
570 2953 671 3013 vel
699 2952 906 3032 potius
934 2951 1242 3011 nutricula
1269 2949 1717 3011 causidicorum

339 3050 572 3124 Africa,
601 3040 652 3110 si
679 3049 911 3129 placuit
937 3049 1287 3108 mercedem
1312 3047 1632 3127 imponere
1657 3047 1927 3127 linguae.

421 3145 787 3207 Declamare
815 3145 999 3205 doces
1015 3144 1045 3203 ⁴?
1127 3142 1184 3203 O
1211 3142 1410 3203 ferrea
1434 3154 1688 3225 pectora
1715 3143 1920 3218 Vetti,
2264 3156 2356 3201 150

342 3244 552 3317 Quum
581 3242 831 3323 perimit
859 3260 1076 3302 saevos
1105 3240 1314 3301 classis
1342 3260 1671 3302 numerosa
1696 3240 2031 3321 tyrannos!

341 3340 512 3401 Nam
540 3357 941 3419 quaecunque
971 3337 1192 3398 sedens
1219 3337 1408 3397 modo
1435 3337 1671 3417 legerat
1698 3340 1852 3399 haec
1880 3340 2100 3400 eadem
2128 3346 2296 3400 stans

341 3435 625 3498 Perferet
654 3444 840 3515 atque
868 3433 1087 3494 eadem
1116 3433 1393 3494 cantabit
1419 3434 1697 3494 versibus
1725 3435 1940 3495 isdem.

1333 3533 1364 3579 3
