2734 4017
376 210 461 276 28
986 228 1058 274 D.
1089 228 1296 277 ,mnu
1338 226 1749 275 JUVENAMS

374 395 501 468 Qui
529 395 764 475 tegitur
790 412 1005 475 parma
1030 404 1096 455 et·
1120 396 1301 475 galea
1326 406 1731 475 metuensque
1759 395 1990 476 flagelli

372 493 575 553 Discit
603 493 682 553 ab
710 491 946 552 hirsuta
971 492 1251 572 jaculum
1277 503 1567 573 torquere
1596 492 1848 571 capella.
2286 507 2383 554 156

372 590 659 651 Forsitan
688 590 1003 669 impensae
1033 588 1366 650 Virronem
1396 609 1644 669 parcere
1674 589 1910 651 credas.

371 687 513 748 Hoc
539 688 672 768 agit
699 697 771 748 ut
799 687 1048 748 doleas:
1089 706 1231 746 nam
1264 707 1422 767 quae
1451 686 1787 761 comoedia,
1817 686 2041 749 mimus

373 785 528 858 Quis
556 786 774 846 melior
798 786 1082 866 plorante
1110 786 1259 864 gula
1277 786 1308 844 P
1389 784 1559 864 Ergo
1588 784 1796 845 omnia
1821 784 1997 860 fiunt,

372 883 441 944 Si
468 883 683 958 nescis,
715 893 785 944 ut·
811 903 923 964 per
948 882 1231 943 lacrimas
1262 882 1576 942 effundere
1603 881 1794 942 bilem

373 980 629 1061 Cogaris
656 1001 985 1062 pressoque
1016 981 1124 1042 diu
1153 979 1414 1041 stridere
1445 978 1677 1039 molari.
2288 996 2380 1066 160

369 1077 469 1138 Tu
498 1078 610 1138 tibi
639 1079 794 1139 liber
820 1080 1005 1139 homo
1034 1089 1100 1140 et.
1128 1078 1290 1158 regis
1321 1076 1587 1138 conviva
1614 1076 1881 1140 videris:

371 1175 638 1255 Captum
665 1185 731 1237 te
760 1176 975 1237 nidore
1004 1196 1149 1238 suae
1176 1185 1358 1256 putat
1386 1175 1492 1235 ille
1522 1175 1780 1250 culinae,

367 1271 505 1332 Nec
531 1274 691 1333 male
720 1273 1045 1352 conjectat.
1128 1273 1286 1345 Quis
1313 1274 1480 1334 enim
1509 1281 1640 1334 tam
1670 1273 1875 1334 nudus
1903 1282 1975 1335 ut
2000 1272 2178 1335 illum

367 1369 478 1430 Bis
505 1369 680 1445 ferat,
707 1370 1042 1431 Etruscum
1068 1390 1260 1451 puero
1288 1371 1340 1431 si
1370 1370 1636 1451 contigit
1665 1389 1883 1430 aurum

368 1466 493 1527 Vel
520 1467 723 1528 nodus
749 1477 997 1528 tantum
1027 1478 1093 1529 et
1121 1468 1365 1549 signum
1395 1469 1475 1529 de
1504 1487 1775 1549 paupere
1802 1468 1980 1529 loro?
2281 1482 2375 1530 165

369 1564 525 1645 Spes
552 1565 710 1627 bene
739 1566 1043 1627 coenandi
1069 1586 1182 1644 yos
1210 1566 1459 1646 decipit.
1544 1572 1580 1605 ‘⁴
1600 1565 1765 1628 Ecce
1794 1565 1968 1626 dabit
1985 1566 2122 1647 jam

369 1662 690 1725 Semesum
717 1663 989 1744 leporem
1017 1673 1202 1744 atque
1233 1664 1466 1744 aliquid
1498 1664 1577 1725 de
1608 1662 1891 1725 clunibus
1918 1663 2085 1744 apri:

365 1760 474 1820 Ad
501 1779 615 1822 nos
637 1760 772 1839 jam
798 1761 1011 1822 veniet.
1038 1762 1238 1822 minor
1265 1760 1507 1823 altilis.”
1589 1761 1748 1822 Inde
1776 1769 1996 1842 parato

366 1856 734 1938 Intactoque
762 1859 976 1918 omnes
1004 1867 1068 1921 et
1096 1859 1313 1921 stricto
1340 1878 1501 1938 pane
1530 1859 1769 1920 tacetis.

364 1953 480 2014 Ille
509 1954 671 2034 sapit
697 1954 803 2034 qui
833 1964 895 2015 te
924 1954 1012 2017 sic
1039 1954 1252 2016 utitur.
1335 1956 1565 2017 Omnia
1591 1957 1750 2018 ferre
2280 1972 2376 2021 170

366 2051 434 2113 Si
460 2060 656 2132 potes,
684 2060 748 2112 et
777 2052 982 2113 debes.
1065 2052 1453 2115 Pulsandum
1480 2056 1714 2116 vertice
1743 2074 1887 2118 raso

364 2148 699 2209 Praebebis
728 2150 1096 2230 quandoque
1125 2160 1329 2231 caput,
1356 2171 1472 2213 nec
1499 2152 1656 2213 dura
1682 2153 1933 2216 timebis

365 2245 593 2327 Flagra
616 2246 751 2327 pati
774 2246 872 2308 his
900 2247 1099 2329 epulis
1127 2255 1192 2308 et
1217 2247 1331 2309 tali
1359 2248 1585 2330 dignus
1614 2249 1831 2313 amico.
