2734 4017
1119 228 1396 277 SATIRA
1440 230 1580 278 XIV
1580 261 1597 277 .

355 392 419 452 N
421 393 465 453 il
492 402 750 474 cuperet
777 413 964 476 quam
991 394 1098 475 qui
1124 403 1329 456 totum
1358 395 1474 456 sibi
1502 406 1787 477 posceret
1815 397 2044 473 orbem,

353 490 657 551 Passurus
683 491 877 571 gestis
905 493 1226 572 aequanda
1251 493 1524 572 pericula
1549 493 1750 556 rebus.

354 586 617 647 Nullum
645 608 875 648 numen
906 589 1081 650 abest
1108 588 1161 649 si
1187 589 1269 649 sit
1296 589 1676 651 Prudentia:
1717 611 1831 653 nos
1854 600 1940 666 te,

353 684 489 745 Nos
514 684 787 760 facimus,
817 684 1115 761 Fortuna,
1144 687 1344 747 deam.
1427 687 1723 749 Mensura
1749 699 1959 750 tamen
1988 709 2144 771 quae

356 781 632 843 Sufficiat
660 802 878 843 census
904 782 958 843 si
985 782 1125 864 quis
1152 803 1253 844 me
1282 784 1565 846 consulat
1591 784 1809 846 edam:

353 882 428 939 In
456 888 760 958 quantum
787 879 922 940 sitis
950 890 1137 960 atque
1165 880 1357 941 fames
1385 889 1449 943 et
1475 882 1703 963 frigora
1731 893 2011 963 poscunt,

354 976 696 1051 Quantum,
724 974 1009 1056 Epicure,
1040 978 1154 1038 tibi
1182 979 1390 1059 parvis
1418 979 1660 1041 suffecit
1686 980 1750 1041 in
1778 980 1990 1056 hortis,

353 1073 678 1146 Quantum
707 1072 1005 1135 Socratici
1033 1085 1331 1156 ceperunt
1360 1086 1506 1138 ante
1533 1087 1807 1159 penates.

350 1170 693 1251 Nunquam
720 1170 888 1232 aliud
917 1170 1166 1235 Natura
1195 1173 1364 1235 aliud
1394 1174 1713 1256 Sapientia
1739 1175 1910 1238 dicit.

349 1271 620 1332 Acribus
648 1275 947 1355 exemplis
976 1275 1192 1337 videor
1220 1286 1284 1338 te
1306 1276 1627 1337 claudere:
1673 1274 1859 1335 misce

350 1369 522 1450 Ergo
551 1369 784 1451 aliquid
812 1373 1040 1434 nostris
1068 1374 1148 1435 de
1175 1375 1482 1449 moribus3
1525 1374 1695 1434 effice
1725 1392 2029 1433 summam

349 1469 460 1531 Bis
489 1479 729 1551 septem
757 1472 1074 1533 ordinibus
1102 1492 1282 1553 quam
1312 1474 1413 1533 lex
1442 1472 1736 1553 dignatur
1763 1470 2045 1532 Othonis.

350 1566 527 1630 Haec
554 1588 799 1649 quoque
827 1570 879 1630 si
906 1590 1127 1651 rugam
1152 1571 1345 1632 trahit
1372 1570 1779 1650 extenditque
1808 1569 2119 1644 labellum,

352 1665 542 1727 Sume
571 1668 728 1728 duos
754 1667 1030 1749 Equites,
1057 1669 1153 1730 fac
1179 1669 1365 1730 tertia
1393 1668 1861 1750 quadringenta.

352 1763 421 1825 Si
447 1766 728 1827 nondum
755 1766 1007 1848 implevi
1032 1769 1354 1849 gremium,
1383 1769 1434 1829 si
1461 1768 1758 1849 panditur
1784 1766 1965 1841 ultra,

351 1862 492 1924 Nec
522 1864 736 1926 Croesi
762 1865 1012 1926 fortuna
1041 1887 1328 1946 unquam,
1358 1886 1473 1927 nec
1499 1864 1749 1926 Persica
1774 1883 1967 1945 regna

355 1960 676 2023 Sufficient
702 1961 923 2037 anim0,
951 1983 1068 2025 nec
1095 1964 1349 2024 divitiae
1378 1963 1671 2038 Narcissi,

353 2058 622 2121 Indulsit
650 2059 878 2121 Caesar
903 2061 1003 2121 cui
1032 2061 1327 2124 Claudius
1356 2061 1579 2136 omnia,
1611 2061 1785 2142 cujus

351 2154 573 2217 Paruit
598 2155 869 2237 imperiis
896 2176 1152 2219 uxorem
1180 2158 1460 2220 occidere
1489 2159 1718 2240 jussus.

2286 218 2370 282 89

2273 607 2370 653 315

2273 1095 2368 1141 320

2269 1582 2367 1630 325

2267 2070 2364 2119 330
