2734 4017
348 225 434 289 64
959 240 1033 287 D.
1078 238 1286 288 Jmm
1327 236 1742 288 JUVENAJJS

346 408 472 470 Per
499 417 705 469 totum
737 426 974 468 cessare
1002 405 1201 466 diem:
1242 425 1367 466 non
1394 395 1623 466 fenoris
1656 404 1786 466 ulla
2268 418 2359 463 185

346 506 607 580 Menti0,
637 524 755 566 nec
782 503 982 584 prima
1007 503 1059 562 si
1086 503 1225 563 luce
1253 520 1498 581 egressa
1523 500 1756 562 reverti

347 602 554 665 Nocte
582 603 742 664 solet
769 600 963 663 tacito
991 600 1180 660 bilem
1206 598 1323 659 tibi
1353 599 1681 660 contrahat
1707 617 1879 674 uxor,

347 700 625 762 Humida
651 698 950 780 suspectis
979 696 1248 757 referens
1275 694 1556 755 multicia
1581 695 1751 776 rugis

349 798 749 878 Vexatasque
778 815 987 858 comas
1017 803 1082 855 et
1111 793 1356 853 vultum
1385 811 1717 872 auremque
1744 793 2067 856 calentem.

347 894 644 956 Protinus
672 902 817 955 ante
847 911 1052 953 meum
1086 888 1388 970 quidquid
1419 888 1593 949 dolet
1619 907 1776 949 exue
1805 889 2031 964 limen;
2270 908 2360 952 190

346 991 523 1053 Pone
552 991 800 1052 demum
829 999 894 1051 et
922 1007 1131 1050 servos
1160 996 1226 1047 et
1257 984 1562 1067 quidquid
1587 984 1893 1066 frangitur
1917 986 2038 1047 illis

346 1087 483 1149 Aut
508 1088 703 1169 perit3
745 1088 1022 1168 ingratos
1050 1094 1197 1147 ante
1231 1083 1441 1145 omnia
1467 1101 1632 1163 pone
1658 1082 1918 1146 sodales.

347 1185 598 1246 Interea
621 1185 1068 1266 Megalesiacae
1098 1183 1450 1264 spectacula
1478 1200 1757 1261 mappae,

348 1282 608 1343 Idaeum
636 1283 947 1356 sollemne,
977 1283 1207 1355 colunt,
1237 1280 1575 1359 similisque
1601 1277 1917 1357 triumpho

350 1379 596 1440 Praeda
623 1379 998 1441 caballorum
1023 1379 1286 1440 Praetor
1314 1377 1493 1438 sedet
1521 1396 1611 1451 ac,
1639 1376 1794 1438 mihi
1818 1395 1974 1457 pace
2262 1393 2357 1440 195

348 1477 694 1538 Immensae
723 1477 1068 1557 nimiaeque
1095 1477 1242 1538 licet
1270 1476 1322 1537 si
1350 1476 1555 1537 dicere
1582 1475 1796 1555 plebis,

349 1573 578 1636 Totam
605 1574 789 1635 hodie
818 1574 1087 1635 Romam
1117 1574 1331 1636 Circus
1359 1573 1527 1654 capit
1554 1583 1619 1634 et
1646 1573 1853 1654 fragor
1880 1592 2091 1636 aurem

348 1671 630 1733 Percutit
657 1683 950 1733 eventum
977 1672 1192 1733 viridis
1220 1692 1342 1752 quo
1371 1672 1596 1753 colligo
1623 1672 1850 1752 panni:

347 1768 415 1828 N
416 1789 516 1830 am
544 1770 597 1831 si
624 1770 915 1831 deficeret
942 1779 1243 1832 moestam
1271 1770 1727 1850 attonitamque
1753 1772 1998 1833 videres

347 1866 531 1927 Hanc
558 1867 789 1942 urbem,
817 1867 1014 1928 veluti
1043 1868 1396 1929 Cannarum
1423 1868 1489 1927 in
1515 1868 1771 1948 pulvere
1800 1869 1982 1931 victis
2261 1884 2356 1935 20⁰

349 1964 733 2025 Consulibus.
816 1964 1114 2044 Spectent
1132 1964 1415 2044 juvenes,
1444 1985 1600 2045 quos
1627 1966 1858 2027 clamor
1884 1975 1950 2029 et
1977 1967 2178 2028 audax

349 2060 629 2140 Sponsi0‚
657 2080 811 2141 quos
839 2061 1042 2122 cultae
1071 2061 1254 2122 decet
1283 2062 1581 2125 assedisse
1608 2064 1888 2143 puellae:

347 2156 581 2218 Nostra
605 2156 779 2218 bibat
807 2177 1065 2218 vernum
1095 2167 1416 2219 contracta
1445 2160 1716 2224 cuticula
1742 2162 1934 2223 solem

347 2253 740 2334 Effugiatque
768 2264 1003 2334 togam.
1080 2254 1126 2316 J
1127 2274 1228 2316 am
1255 2276 1425 2317 nunc
1452 2257 1519 2317 in
1546 2258 1771 2318 balnea
1798 2259 1970 2326 salva

346 2350 581 2412 Fronte
609 2351 754 2413 licet
780 2353 992 2426 vadas,
1021 2372 1376 2433 quanquam
1405 2354 1606 2415 solida
1630 2356 1785 2416 hora
1817 2357 2082 2436 supersit
2258 2372 2355 2420 205

344 2448 451 2509 Ad
479 2458 733 2510 sextam.
814 2449 1046 2511 Facere
1075 2451 1196 2511 hoc
1222 2471 1349 2512 non
1379 2452 1578 2531 possis
1605 2452 1877 2533 quinque
1906 2454 2122 2516 diebus

347 2546 690 2621 Continuis,
719 2546 864 2628 quia
890 2556 1039 2609 sunt
1066 2548 1212 2610 talis
1240 2567 1485 2629 quoque
1513 2549 1721 2609 taedia
1748 2551 1915 2612 vitae

345 2642 594 2724 Magna.
674 2641 1051 2725 Voluptates
1080 2645 1481 2718 commendat
1506 2645 1703 2707 rarior
1728 2666 1892 2708 usus.
1963 2697 1966 2699 .
