2734 4017
1169 261 1439 311 sATIRA
1481 262 1557 310 X.

352 428 726 490 Paucorum.
809 429 1130 510 Quidquid
1159 429 1380 491 melius
1410 431 1731 511 leviusque
1761 429 2014 510 putaris,

352 526 727 586 Praebenda
754 537 850 587 est
878 527 1087 606 gladio
1115 528 1331 605 pulcra
1357 528 1512 587 haec
1541 536 1607 587 et
1635 526 1903 588 candida
1930 527 2159 589 cervix.

436 623 552 684 Nil
578 643 727 703 ergo
756 624 1067 703 optabunt
1093 623 1379 684 homines
1396 625 1427 684 Ῥ
1510 623 1578 684 Si
1608 623 1934 685 consilium
1961 625 2076 699 vis,

352 721 699 782 Permittes
724 720 874 800 ipsis
901 722 1252 802 expendere
1282 720 1636 781 numinibus
1663 721 1814 801 quid

355 818 710 881 Conveniat
736 817 913 878 nobis
941 818 1246 898 rebusque
1275 818 1358 878 sit
1387 818 1541 878 utile
1571 819 1816 880 nostris.

353 915 528 974 Nam
555 934 668 993 pro
686 914 981 993 jucundis
1011 915 1328 995 aptissima
1356 934 1637 995 quaeque
1667 916 1906 977 dabunt
1933 917 2015 977 di.

356 1012 576 1074 Carior
601 1019 696 1071 est
722 1010 843 1071 illis
871 1012 1058 1072 homo
1086 1031 1272 1091 quam
1301 1011 1437 1072 sibi.
1519 1012 1658 1074 Nos
1687 1014 2033 1074 animorum

356 1108 642 1189 Impulsu
670 1118 736 1170 et
764 1128 946 1170 caeca
973 1128 1321 1189 magnaque
1351 1110 1643 1191 cupidine
1673 1111 1847 1172 ducti

359 1206 735 1286 Oonjugium
762 1207 1034 1287 petimus
1061 1216 1435 1287 partumque
1466 1209 1709 1269 uxoris:
1752 1219 1818 1270 at
1853 1210 1975 1271 illis

356 1303 605 1365 Notum
631 1303 738 1384 qui
767 1304 941 1384 pueri
969 1304 1289 1385 qualisque
1318 1305 1527 1365 futura
1555 1306 1635 1367 sit
1663 1327 1836 1368 uxor.

357 1400 457 1462 Ut
483 1410 696 1461 tamen
725 1411 790 1461 et
818 1420 1035 1481 poscas
1064 1401 1295 1482 aliquid
1323 1423 1676 1484 voveasque
1705 1404 1945 1465 sacellis

357 1498 527 1559 Exta
554 1507 620 1559 et
648 1498 965 1560 candiduli
994 1499 1207 1560 divina
1232 1501 1548 1562 tomacula
1575 1501 1764 1582 porci,

358 1596 682 1657 orandum
709 1606 806 1658 est
833 1605 907 1658 ut
936 1597 1019 1658 sit
1047 1617 1223 1658 mens
1249 1618 1399 1659 sana
1424 1599 1489 1659 in
1518 1618 1773 1678 corpore
1802 1618 1987 1660 sano:

357 1696 617 1756 Fortem
644 1714 834 1775 posce
864 1695 1137 1755 animum
1166 1695 1385 1756 mortis
1411 1706 1647 1756 terrore
1676 1705 2008 1771 carentem,

359 1792 489 1866 Qui
515 1792 784 1873 spatium
813 1792 982 1852 vitae
1011 1800 1357 1853 extremum
1384 1792 1551 1853 inter
1575 1812 1834 1853 munera
1859 1800 2054 1872 ponat

358 1890 661 1965 Naturae,
693 1889 800 1970 qui
826 1889 985 1949 ferro
1014 1898 1200 1969 queat
1228 1908 1625 1969 quoscunque
1654 1889 1913 1965 labores,

357 1988 617 2050 Nesciat
645 1986 843 2062 irasci,
874 1986 1083 2067 cupiat
1111 1986 1280 2060 nihil,
1308 1995 1375 2046 et
1402 1985 1673 2066 potiores

360 2086 648 2150 Herculis
678 2103 1002 2146 aerumnas
1029 2083 1242 2144 credat
1269 2102 1608 2162 saevosque
1635 2083 1876 2144 labores

355 2187 449 2249 Et.
475 2188 721 2247 Venere
751 2192 817 2245 et
849 2182 1060 2244 coenis
1087 2190 1152 2242 et
1180 2181 1397 2261 pluma
1425 2179 1848 2259 Sardanapali.

357 2284 644 2346 Monstro
674 2283 841 2364 quod
868 2282 1001 2362 ipse
1029 2279 1145 2341 tibi
1173 2277 1372 2358 possis
1401 2277 1581 2338 darc:
1622 2277 1843 2338 semita
1870 2287 2037 2340 certe

358 2382 760 2463 Tranquillae
788 2400 900 2461 per
927 2379 1226 2440 virtutem
1254 2383 1433 2455 patet
1461 2374 1642 2434 unica
1668 2374 1853 2435 vitae.

357 2479 622 2540 Nullum
650 2498 881 2540 numen
912 2478 1087 2537 abest
1114 2474 1167 2536 si
1195 2473 1277 2535 sit
1304 2471 1682 2532 Prudentia:
1723 2492 1837 2532 nos
1863 2482 1946 2544 te,

357 2577 498 2640 Nos
522 2576 802 2651 facimus,
830 2574 1129 2650 Fortuna,
1159 2571 1342 2633 deam
1372 2569 1666 2649 caeloque
1694 2568 1985 2629 locamus.

2287 246 2373 314 57

2279 544 2375 590 345

2275 1030 2370 1074 350

2272 1515 2369 1562 355

2274 2002 2370 2048 300

2276 2489 2372 2536 365
