2734 4017
1161 251 1435 301 SATIRA
1478 253 1590 301 111.

362 419 548 481 Solus
575 419 783 480 habet.
863 419 1032 480 Nam
1060 440 1251 500 quum
1276 420 1517 481 facilem
1548 418 1808 480 stillavit
1834 419 1896 479 in
1927 439 2137 481 aurem
2196 438 2199 441 ’

359 517 678 596 Exiguum
706 516 784 576 de
811 528 1067 577 naturae
1094 518 1453 597 patriaeque
1481 536 1739 590 venene,

361 614 608 675 Limine
636 633 1062 689 summoveor;
1103 615 1419 693 perierunt
1448 625 1729 695 tempora
1754 614 1927 694 longi

366 710 636 773 Ser-vitii.
717 709 1045 791 Nusquam
1070 712 1274 771 minor
1299 720 1397 771 est
1426 711 1455 791 j
1463 720 1677 771 actura
1702 709 1961 771 clientis.

447 806 633 879 Quod
658 826 843 888 porro
871 807 1156 882 officium,
1182 827 1262 869 ne
1289 807 1468 868 nobis
1493 806 1792 881 blandiar,
1822 817 1931 868 aut
1957 808 2127 888 quod

363 905 664 985 Pauperis
693 906 793 968 hic
821 907 1127 988 meritum²
1156 905 1205 966 si
1236 914 1411 966 curet
1438 915 1621 965 nocte
1649 913 1901 984 togatus

366 1004 646 1078 Currere,
676 1024 869 1084 quum
895 1000 1145 1084 praetor
1170 1000 1456 1065 lictorem
1481 1002 1760 1083 impellat
1787 1012 1852 1064 et
1879 1003 1967 1064 ire

365 1100 780 1181 Praecipitem
811 1101 1034 1181 jubeat
1062 1100 1300 1161 dudum
1329 1100 1732 1181 vigilantibus
1760 1100 1940 1176 orbis,

365 1197 469 1257 Ne
496 1197 662 1277 prior
687 1197 997 1258 Albinam'
1012 1208 1078 1258 et
1103 1198 1385 1258 Modiam
1414 1198 1650 1278 collega
1676 1198 1951 1259 salutet?

331 1274 600 1365 sDivitis
626 1294 728 1355 hic
756 1295 919 1355 servi
948 1295 1182 1357 claudit
1209 1296 1374 1356 latus
1402 1295 1814 1376 ingenuorum

321 1378 344 1487 J
367 1391 600 1453 Filius:
642 1393 799 1453 alter
825 1393 990 1454 enim
1020 1403 1321 1473 quantum
1349 1393 1417 1454 in
1444 1392 1687 1473 legione
1714 1393 1947 1456 tribuni

313 1522 325 1562 s
367 1489 702 1569 Accipiunt
732 1490 926 1562 donat
956 1490 1253 1552 Calvinae
1282 1491 1385 1551 vel
1414 1491 1726 1565 Catienae,

312 1564 325 1670 f
369 1587 466 1650 Ut
493 1582 683 1648 semel
709 1575 896 1669 atque
926 1589 1152 1650 iterum
1179 1609 1363 1671 super
1388 1588 1562 1650 illam
1589 1589 1887 1671 palpitet:
1928 1598 1995 1651 at
2020 1600 2109 1667 tu,

317 1709 329 1760 3
370 1685 582 1758 Quum
610 1686 723 1748 tibi
753 1688 963 1749 vestiti
989 1688 1177 1750 facies
1205 1688 1390 1750 scorti
1417 1690 1639 1769 placet,
1669 1689 1884 1750 haeres

324 1783 457 1892 ijsst
483 1785 731 1846 dubitas
759 1786 888 1846 alta
917 1786 1194 1850 Chionen
1224 1787 1531 1848 deducere
1561 1787 1727 1847 sella.

369 1883 473 1943 Da
476 1892 723 1960 „testem
751 1883 989 1946 Romae
1016 1895 1149 1947 tam
1178 1895 1462 1948 sanctum
1488 1904 1675 1966 quam
1702 1884 1821 1945 fuit
1847 1885 2070 1965 hospes

368 1980 661 2043 Numinis
687 1981 896 2058 Idaei3
936 1984 1235 2064 procedat
1260 1986 1362 2046 vel
1391 1985 1602 2045 Numa
1627 1984 1728 2045 vel
1757 1983 1863 2065 qui

372 2081 659 2144 Servavit
685 2083 991 2164 trepidam
1019 2085 1306 2165 flagranti
1334 2105 1412 2145 ex
1441 2084 1593 2146 aede
1620 2081 1969 2144 Minervam
1991 2103 2009 2161 ;

368 2179 666 2242 Protinus
693 2182 774 2242 ad
801 2202 1071 2259 censum,
1101 2184 1179 2244 de
1207 2184 1479 2245 moribus
1507 2182 1725 2244 ultima
1750 2182 1861 2243 fiet
2033 2253 2038 2258 ⁴

370 2276 704 2350 Quaestio:
746 2285 782 2317 ‘⁴
804 2292 956 2360 quot
983 2282 1182 2361 pascit
1209 2302 1419 2343 servos
1439 2283 1468 2342 *Ρ
1511 2291 1666 2363 quot
1692 2279 1968 2362 possidet
1996 2281 2128 2362 agri

365 2374 411 2436 J
414 2377 646 2457 ugera?
687 2397 872 2458 quam
901 2380 1098 2440 multa
1124 2400 1471 2461 magnaque
1497 2379 1826 2461 paropside
1854 2389 2077 2440 coenat
2095 2381 2127 2441 ἲ
2145 2378 2181 2409 ”

371 2472 692 2545 Quantum
722 2476 976 2556 quisque
1005 2496 1116 2538 sua
1142 2499 1537 2539 nummorum
1567 2487 1773 2539 servat
1798 2476 1863 2537 in
1896 2496 2038 2537 arca

369 2570 643 2632 Tantum
668 2573 858 2634 habet
887 2585 952 2635 et
978 2574 1142 2635 fidei.
1220 2575 1265 2637 J
1267 2596 1406 2637 ures
1431 2576 1580 2636 licet
1607 2585 1672 2636 et
1702 2574 2174 2635 Samothracum

369 2666 456 2729 Et
483 2679 833 2731 nostrorum
862 2690 998 2732 aras
1025 2682 1417 2734 contemnere
1444 2672 1703 2734 fiilmina
1727 2690 1961 2752 pauper

372 2764 664 2827 Creditur
690 2776 877 2847 atque
906 2768 1075 2843 deos,
1103 2769 1198 2831 dis
1225 2756 1689 2850 ignoscentibus
1715 2768 1881 2849 ipsis.

370 2859 555 2936 Quid,
586 2863 753 2942 quod
780 2864 1102 2925 materiam
1129 2868 1386 2945 praebet
1412 2887 1745 2947 causasque
1777 2866 2064 2945 jocorum

370 2957 674 3020 Omnibus
700 2960 801 3022 hic
828 2960 1011 3036 idem,
1041 2962 1093 3022 si
1115 2963 1298 3024 foeda
1324 2972 1390 3025 et
1418 2965 1605 3026 scissa
1629 2965 1892 3041 lacerna,

371 3053 439 3114 Si
467 3064 616 3135 toga
642 3055 956 3118 sordidula
984 3070 1080 3120 est
1106 3069 1172 3120 et
1196 3070 1383 3139 rupta
1410 3055 1649 3123 calceus
1679 3064 1834 3124 alter

367 3150 543 3212 Pelle
569 3161 783 3233 patet:
823 3154 924 3214 vel
953 3154 1006 3215 si
1033 3166 1292 3216 consuto
1320 3156 1577 3218 vulnere
1605 3178 1873 3220 crassum

365 3248 579 3328 Atque
605 3269 820 3311 recens
846 3250 1044 3312 linum
1073 3251 1346 3314 ostendit
1376 3275 1502 3315 non
1531 3276 1653 3315 una
1681 3257 1953 3319 cicatrix.
1978 3280 2033 3331 ιγ

369 3345 475 3406 Nil
502 3345 690 3407 habet
715 3346 927 3407 infelix
955 3359 1286 3428 paupertas
1312 3350 1525 3411 durius
1553 3352 1615 3412 in
1646 3373 1711 3414 se

368 3441 574 3513 Quam
602 3442 771 3521 quod
797 3444 1089 3506 ridiculos
1116 3446 1397 3508 homines
1422 3435 1645 3524 ἰθεῖα(
1667 3457 1704 3487 “
1723 3449 1978 3525 Exeat,’‘
2004 3451 2222 3531 inquit,

2294 237 2375 301 11

2286 727 2379 773 125

2286 1214 2381 1261 130

2286 1705 2381 1753 135

2290 2199 2384 2246 140

2292 2687 2384 2735 145

2289 3175 2381 3220 150
