2734 4017
1116 221 1392 271 SA'rrRA
1439 221 1593 268 x1v.
2272 197 2355 263 85

327 387 454 447 Nil
482 388 749 449 vetitum
776 387 992 450 fecisse
1021 388 1190 449 volet
1219 407 1404 468 quem
1429 406 1555 446 non
1581 384 1782 465 pudet
1809 384 1938 445 alto
2261 395 2355 441 185

329 486 468 547 Per
493 485 759 566 glaciem
784 504 1014 565 perone
1042 484 1191 564 tegi,
1219 484 1325 565 qui
1351 491 1704 543 summovet
1731 480 1932 541 Euros

331 582 619 643 Pellibus
642 581 920 642 inversis.
1001 580 1339 661 Peregrina
1363 580 1702 659 ignotaque
1729 578 1907 638 nobis

332 679 448 740 Ad
477 679 676 740 scelus
705 687 892 758 atque
921 677 1108 750 nefas,
1137 695 1540 757 quaecunque
1568 683 1681 749 est,
1707 693 1982 755 purpura
2007 672 2234 734 ducit.’'

336 777 519 837 Haec
543 775 635 836 illi
661 783 904 836 veteres
928 781 1260 854 praecepta
1287 772 1661 833 minoribus:
1702 780 1769 831 at
1794 789 1959 832 nunc

333 873 499 934 Post
523 872 711 933 finem
738 869 1017 932 autumni
1045 869 1253 929 media
1279 869 1359 929 de
1387 878 1573 930 nocte
1601 868 1889 949 supinum
2263 884 2357 930 190

335 971 664 1032 clamosus
693 970 990 1049 juvenem
1017 977 1199 1048 pater
1229 965 1502 1027 excitat:
1546 972 1583 1002 ‘⁶
1603 965 1840 1045 Accipe
1867 983 2055 1039 ceras,

338 1066 572 1141 Scribe,
599 1086 768 1146 puer,
796 1065 1002 1146 vigila,
1031 1083 1247 1125 causas
1277 1082 1412 1143 age,
1442 1063 1694 1143 perlege
1723 1062 1939 1123 rubras

334 1162 650 1243 Majorum
675 1162 845 1243 leges
873 1171 981 1222 aut
1010 1162 1205 1221 vitem
1232 1180 1421 1242 posce
1450 1160 1678 1221 libello.

339 1261 468 1321 Sed
497 1271 685 1340 caput
710 1260 1015 1321 intactum
1041 1259 1210 1319 buxo
1239 1278 1544 1340 naresque
1571 1258 1799 1339 pilosas

336 1357 626 1419 Annotet
653 1367 718 1419 et
744 1358 1009 1438 grandes
1037 1356 1298 1418 miretur
1326 1355 1578 1417 Laelius
1607 1358 1750 1417 alas.
2069 1393 2073 1397 -
2261 1370 2356 1418 195

334 1454 534 1515 Dirue
558 1453 919 1516 Maurorum
948 1455 1231 1534 attegias,
1261 1454 1517 1516 castella
1547 1453 1937 1535 Brigantum,

335 1551 432 1614 Ut
457 1552 831 1633 locupletem
860 1551 1129 1632 aquilam
1156 1551 1274 1613 tibi
1302 1551 1729 1633 sexagesimus
1758 1572 1957 1614 annus

332 1649 611 1711 Afferat:
652 1658 760 1709 aut
787 1650 1009 1729 longos
1037 1658 1382 1709 castrorum
1410 1650 1569 1711 ferre
1596 1649 1837 1711 labores

335 1746 402 1807 Si
430 1747 608 1827 piget
635 1755 700 1807 et
725 1746 1042 1826 trepidum
1071 1746 1322 1807 solvunt
1350 1747 1470 1808 tibi
1497 1766 1727 1808 cornua
1751 1755 2035 1807 ventrem

333 1843 494 1903 Cum
520 1841 692 1903 lituis
719 1842 951 1916 audita,
981 1861 1160 1921 pares
1187 1843 1358 1924 quod
1387 1844 1658 1904 vendere
1687 1842 1885 1925 possis
2257 1859 2353 1905 200

330 1939 537 2000 Pluris
565 1938 841 2013 dimidio,
868 1959 985 2000 nec
1013 1948 1078 2000 te
1105 1939 1360 2000 fastidia
1389 1940 1609 2001 mercis

330 2036 541 2098 Ullius
569 2037 833 2098 subeant
861 2037 1244 2117 ablegandae
1276 2037 1555 2098 Tiberim
1580 2039 1760 2113 ultra,

329 2133 477 2193 Neu
504 2133 719 2194 credas
746 2133 1111 2214 ponendum
1140 2134 1376 2213 aliquid
1408 2133 1778 2197 discriminis
1803 2135 1968 2197 inter

330 2228 677 2310 Unguenta
704 2239 769 2290 et
798 2229 1051 2291 corium.
1133 2229 1318 2291 Lucri
1346 2230 1547 2292 bonus
1576 2240 1671 2292 est
1701 2233 1857 2294 odor
1882 2254 1960 2295 ex
1987 2253 2055 2294 re

330 2323 645 2397 Qualibet.
725 2325 847 2386 Illa
872 2336 985 2387 tuo
1013 2327 1326 2387 sententia
1353 2347 1597 2407 semper
1622 2329 1688 2389 in
1717 2350 1822 2391 ore
2251 2344 2349 2390 205

327 2419 635 2481 Versetur
661 2421 757 2482 dis
785 2430 974 2501 atque
999 2422 1137 2502 ipso
1162 2422 1327 2483 Jove
1355 2422 1550 2503 digna
1576 2433 1832 2503 poetae:

330 2515 521 2578 Unde
549 2518 778 2579 habeas
805 2519 1046 2598 quaerit
1074 2539 1276 2593 nemo,
1304 2520 1418 2581 sed
1445 2529 1693 2600 oportet
1718 2518 1995 2581 habere.”

330 2614 472 2677 Hoc
498 2624 850 2676 monstrant
867 2616 1126 2678 ,vetulae
1153 2616 1365 2697 pueris
1393 2617 1747 2698 repentibus
1778 2636 1984 2692 assae3

329 2712 470 2772 Hoc
498 2712 748 2773 discunt
775 2730 991 2773 omnes
1019 2721 1166 2773 ante
1195 2713 1384 2794 alpha
1409 2723 1475 2774 et
1500 2714 1648 2774 beta
1673 2713 1934 2793 puellae.

329 2806 584 2869 Talibus
609 2808 951 2870 instantem
976 2809 1233 2871 monitis
1262 2814 1688 2890 quemcunque
1715 2820 2037 2889 parentem
2251 2827 2345 2873 210

332 2902 436 2964 Sic
461 2924 708 2985 possem
735 2905 937 2967 affari:
978 2905 1119 2980 Dic,
1146 2925 1186 2967 ο
1213 2906 1560 2981 vanissime,
1589 2907 1725 2986 quis
1751 2915 1816 2967 te

327 2999 651 3061 Festinare
681 3000 866 3081 jubet
884 3003 914 3063 ’τ’
954 3003 1277 3065 meliorem
1302 3013 1550 3085 praesto
1576 3004 1874 3083 magistro

326 3096 736 3177 Discipulum.
823 3099 1090 3161 Securus
1118 3100 1236 3175 abi,
1265 3101 1546 3175 vinceris,
1576 3108 1648 3160 ut
1674 3100 1842 3180 Ajax

327 3193 660 3255 Praeteriit
688 3195 1108 3272 Telamonem,
1139 3207 1210 3258 ut
1238 3197 1430 3258 Pelea
1456 3197 1606 3257 vicit
1634 3195 1927 3257 Achilles.

326 3290 720 3353 Parcendum
750 3304 845 3354 est
873 3295 1139 3370 teneris3
1181 3295 1464 3355 nondum
1494 3294 1828 3373 implevere
1855 3294 2158 3355 medullas
2246 3309 2341 3354 215

326 3389 614 3452 Maturae
641 3391 806 3451 mala
831 3390 1160 3470 nequitiae.
1244 3389 1458 3463 Quum
1483 3398 1730 3471 pectere
1757 3391 2014 3453 barbam
