2734 4017
393 216 477 283 80
986 233 1060 280 D.
1106 232 1312 282 amm
1354 231 1770 281 JUVENALIS

389 400 527 461 Aut
554 399 734 462 clude
763 408 828 461 et
853 399 1090 481 positos
1117 398 1289 460 tinea
1313 397 1622 479 pertunde
1649 397 1908 457 libellos.

391 496 637 578 Frange
666 497 852 558 miser
879 498 1146 558 calamos
1174 496 1555 575 vigilat-aque
1580 494 1815 575 proelia
1843 494 2001 569 dele,

393 594 520 667 Qui
545 594 697 654 facis
723 594 788 653 in
815 613 1008 673 parva
1034 593 1320 653 sublimia
1347 592 1620 652 carmina
1648 592 1805 651 cella

383 683 491 752 'Ut
519 691 744 771 dignus
773 690 984 750 venias
1012 689 1254 749 hederis
1282 697 1347 749 et
1375 688 1646 767 imagine
1675 707 1900 748 macra.

353 795 367 809 ⁰
395 787 549 867 Spes
576 788 745 847 nulla
772 786 1063 847 ulterior:
1108 786 1327 846 didicit
1349 785 1484 865 jam
1516 785 1690 845 dives
1718 805 1940 846 avarus

392 884 668 945 Tantum
697 883 1001 956 admirari,
1029 891 1276 951 tantum
1302 882 1561 943 laudare
1591 882 1871 955 disertOS,

391 980 489 1043 Ut
516 981 692 1061 pueri
717 979 761 1041 J
765 980 984 1040 unonis
1013 998 1211 1040 avem.
1294 979 1422 1040 Sed
1451 980 1670 1041 defluit
1696 988 1865 1040 aetas

391 1077 479 1139 Et
505 1077 709 1158 pelagi
724 1077 979 1158 ‘patiens
1010 1086 1075 1137 et
1104 1076 1359 1137 cassidis
1389 1087 1575 1157 atque
1602 1077 1844 1157 ligonis.

395 1174 634 1235 Taedia
659 1184 812 1236 tunc
839 1173 1108 1234 subeunt
1136 1173 1393 1247 animos,
1422 1183 1573 1235 tunc
1600 1193 1788 1254 seque
1817 1192 2115 1254 suamquc

393 1271 843 1352 Terpsichoren
871 1270 1009 1331 odit
1031 1270 1301 1331 facunda
1328 1279 1394 1331 et
1422 1271 1592 1331 nuda
1618 1280 1921 1332 senectus.

472 1368 707 1449 Accipe
734 1387 899 1428 nunc
927 1378 1094 1428 artes
1118 1387 1201 1429 ne
1227 1368 1378 1448 quid
1405 1368 1522 1430 tibi
1549 1368 1828 1430 conferat
1855 1369 1973 1429 iste

396 1466 601 1540 Quem
628 1465 777 1526 colis
803 1475 869 1526 et
896 1464 1217 1525 Musarum
1245 1475 1310 1527 et
1336 1465 1649 1545 Apollinis
1678 1466 1832 1526 aede
1858 1466 2092 1528 relicta.

394 1564 538 1645 Ipse
564 1563 714 1624 facit
740 1582 954 1623 versus
981 1570 1169 1642 atque
1197 1563 1307 1623 uni
1334 1563 1503 1624 cedit
1533 1565 1808 1623 Homero

395 1661 662 1741 Propter
688 1660 855 1721 mille
885 1679 1117 1735 annos3
1158 1669 1224 1720 et
1251 1660 1302 1721 si
1331 1659 1659 1721 dulcedine
1685 1659 1886 1721 famae

398 1758 741 1819 Succensus
769 1757 993 1818 recites
1020 1758 1360 1818 maculosas
1389 1757 1745 1819 commodat
1773 1757 1973 1818 aedes.

395 1854 571 1916 Haec
597 1854 782 1934 longe
808 1853 1037 1915 ferrata
1063 1855 1286 1914 domus
1315 1854 1543 1914 servire
1567 1853 1842 1933 jubetur,

393 1952 469 2013 In
500 1972 622 2033 qua
649 1951 944 2013 sollicitas
970 1950 1252 2012 imitatur
1278 1951 1474 2030 janua
1499 1959 1727 2030 portas.

397 2048 529 2110 Scit
558 2049 704 2109 dare
732 2049 990 2110 libertos
1019 2057 1295 2109 extrema
1320 2047 1387 2107 in
1413 2056 1591 2127 parte
1619 2048 1907 2109 sedentes

397 2146 648 2207 Ordinis
675 2155 741 2207 et
767 2164 1026 2226 magnas
1054 2144 1352 2206 comitum
1381 2144 1707 2224 disponere
1735 2165 1939 2206 voces.

395 2244 602 2304 Nemo
631 2243 805 2305 dabit
833 2262 1053 2324 regum
1082 2241 1300 2321 quanti
1325 2241 1617 2302 subsellia
1643 2250 1951 2317 constent,

395 2341 483 2404 Et
512 2362 668 2423 quae
697 2342 1011 2404 conducto
1037 2340 1315 2420 pendent
1343 2340 1681 2400 anabathra
1707 2340 1927 2420 tigillo,

397 2440 697 2520 Quaeque
725 2437 1115 2520 reportandis
1142 2437 1347 2518 posita
1373 2446 1469 2498 est
1496 2437 1810 2497 orchestra
1837 2438 2166 2499 cathedris.

395 2537 532 2598 Nos
559 2546 770 2598 tamen
800 2538 919 2597 hoc
947 2536 1204 2617 agimus,
1231 2535 1529 2615 tenuique
1556 2533 1622 2593 in
1649 2534 1902 2613 pulvere
1931 2536 2133 2597 sulcos

394 2634 699 2696 Ducimus
727 2643 792 2695 et
820 2634 969 2695 litus
995 2634 1191 2695 sterili
1220 2651 1537 2694 versamus
1565 2640 1786 2693 aratro.

396 2731 566 2792 Nam
592 2732 644 2792 si
672 2731 968 2805 discedas,
995 2732 1218 2810 laqueo
1245 2739 1422 2791 tenet
1450 2728 1761 2789 ambitiosi

399 2828 803 2890 Consuetudo
828 2828 977 2888 mali
999 2847 1016 2902 ;
1056 2836 1232 2888 tenet
1261 2826 1603 2888 insanabile
1630 2826 1862 2886 multos

400 2924 725 2986 Scribendi
754 2924 1078 2986 cacoethes
1107 2933 1171 2986 et
1201 2943 1387 3003 aegro
1415 2923 1480 2984 in
1511 2923 1699 2984 corde
1729 2925 2011 2985 senescit.

401 3021 527 3083 Sed
554 3030 765 3082 vatem
793 3020 1113 3101 egregium
1141 3020 1241 3081 cui
1267 3041 1394 3081 non
1424 3019 1506 3082 sit
1531 3020 1780 3099 publica
1806 3040 1983 3095 vena,

400 3118 528 3191 Qui
553 3118 707 3178 nihil
736 3118 1089 3196 expositum
1115 3118 1312 3177 soleat
1340 3115 1667 3190 deducere,
1695 3136 1811 3178 nec
1838 3117 1946 3197 qui
2014 3184 2021 3189 ,

402 3214 732 3278 Communi
759 3214 939 3275 feriat
969 3232 1216 3274 carmen
1244 3213 1488 3273 triviale
1516 3223 1784 3287 moneta,

401 3311 591 3373 Hunc
619 3313 866 3392 qualem
894 3330 1136 3390 nequeo
1163 3320 1507 3370 monstrare
1536 3319 1602 3371 et
1629 3310 1831 3370 sentio
1860 3319 2108 3373 tantum

400 3409 743 3471 Anxietate
771 3427 985 3469 carens
1013 3406 1253 3469 animus
1278 3407 1444 3483 facit,
1471 3407 1673 3470 omnis
1698 3408 1903 3472 acerbi

2341 801 2402 846 30

2343 1287 2404 1338 35

2341 1771 2406 1828 40

2342 2258 2407 2303 45

2349 2746 2412 2790 50

2348 3231 2409 3276 55
