2734 4017
340 160 428 236 ⁷4
945 178 1020 225 D.
1049 177 1258 226 amm
1297 174 1711 226 Juvmums

414 344 649 425 Accipe
678 364 836 425 quae
864 351 1081 420 contra
1107 344 1314 404 valeat
1338 342 1566 405 solatia
1584 342 1744 403 ferre
1942 373 1948 381 ·
2245 357 2350 410 120,

334 442 422 505 Et
449 441 555 523 qui
583 461 699 502 nec
726 441 991 521 Cynicos
1020 460 1135 502 nec
1164 439 1377 501 Stoica
1407 438 1705 521 dogmata
1730 438 1884 520 legit

333 542 398 602 A
428 539 678 621 Cynicis
705 538 918 600 tunica
948 537 1260 613 distantia,
1290 558 1418 598 non
1445 537 1785 619 Epicurum

335 638 609 720 Suspicit
635 636 846 717 exigui
871 636 1105 697 laetum
1126 635 1516 717 plantaribus
1544 635 1727 699 horti.

334 740 645 802 Curentur
672 735 845 796 dubii
872 734 1130 795 medicis
1157 734 1492 815 majoribus
1520 736 1730 818 aegri3

333 838 433 898 Tu
460 856 683 898 venam
711 836 813 897 vel
842 834 1144 915 discipulo
1174 834 1497 896 committe
1525 834 1818 916 Philippi.
1886 863 1892 867 >
2013 893 2016 898 ,
2248 851 2338 897 125

334 935 401 996 Si
430 935 668 995 nullum
695 934 760 995 in
787 933 967 994 terris
995 942 1125 994 tam
1154 932 1522 994 detestabile
1548 933 1782 994 factum
2351 919 2358 923 ’

312 1032 630 1107 ‚Ostendis
656 1041 873 1107 tace03
912 1050 1030 1092 nec
1055 1030 1280 1112 pugnis
1309 1031 1567 1091 caedere
1595 1041 1815 1112 pectus

331 1129 424 1191 Te
454 1140 619 1205 vet0,
646 1149 763 1191 nec
790 1131 976 1211 plana
1002 1129 1220 1190 faciem
1249 1128 1636 1191 contundere
1673 1129 1897 1211 palma,

332 1227 854 1308 Quandoquidem
883 1237 1138 1306 accepto
1168 1226 1515 1288 claudenda
1544 1236 1642 1289 est
1669 1227 1867 1307 janua
1893 1226 2141 1304 damn0,
2345 1300 2364 1311 ..

327 1324 416 1386 Et
443 1324 676 1405 majore
704 1324 925 1396 domus
952 1324 1209 1406 gemitu,
1239 1324 1473 1405 majore
1503 1325 1780 1385 tumultu
2241 1341 2335 1388 130

327 1422 731 1502 Planguntur
748 1423 986 1484 nummi
1014 1442 1200 1504 quam
1225 1422 1464 1484 funera.
1545 1421 1751 1484 Nemo
1779 1421 2058 1485 dolorem

326 1520 545 1601 Fingit
571 1521 637 1581 in
663 1521 784 1582 hoc
811 1540 975 1596 casu,
1001 1531 1242 1582 vestem
1270 1520 1563 1582 diducere
1592 1540 1896 1582 summam

328 1617 699 1692 Contentus,-
722 1637 946 1679 vexare
972 1618 1187 1680 oculos
1212 1618 1470 1679 humore
1498 1628 1734 1681 coacto·

325 1714 618 1775 Ploratur
642 1715 915 1776 lacrimis
939 1715 1163 1777 amissa
1190 1716 1456 1796 pecunia
1482 1716 1664 1777 veris.
1765 1761 1768 1764 -

327 1811 453 1873 Sed
482 1811 529 1874 si
561 1821 787 1873 cuncta
813 1812 991 1874 vides
1018 1812 1202 1874 simili
1229 1813 1362 1873 fora
1387 1814 1573 1894 plena
1598 1814 1864 1895 querela,
2121 1839 2126 1846 ·
2216 1830 2333 1877 -135
2339 1857 2358 1894 ὲ

326 1910 397 1971 Si
422 1910 626 1973 decies
653 1909 833 1971 lectis
858 1909 1103 1971 diversa
1127 1920 1308 1991 parte
1337 1911 1585 1972 tabellis

322 2007 509 2069 Vana
536 2008 901 2089 supervacui
929 2008 1146 2069 dicunt
1174 2008 1583 2089 chirographa
1608 2008 1784 2090 ligni,
1888 2032 1892 2038 ·

320 2104 554 2186 Arguit
581 2105 856 2186 ipsorum
883 2125 1038 2185 quos
1065 2105 1276 2166 littera
1302 2124 1671 2186 gemmaque
1698 2106 1985 2187 princeps

324 2202 813 2283 Sardonychum‚
841 2202 1059 2263 loculis
1085 2221 1244 2282 quae
1286 2203 1637 2263 custoditur
1664 2202 1930 2279 eburnis,
2336 2266 2340 2270 ,

320 2299 413 2361 Te
441 2299 925 2382 nunqdelioias,
955 2307 1134 2361 extra
1160 2300 1511 2362 communia
1537 2319 1752 2362 censes
1933 2341 1942 2348 ›
2199 2343 2212 2358 .-
2232 2319 2356 2381 140,

319 2397 691 2459 Ponendum
709 2399 740 2459 ⁴?
825 2397 951 2472 Qui
977 2408 1049 2459 tu
1076 2398 1342 2479 gallinae
1370 2398 1534 2470 filius
1575 2398 1770 2474 albae,
2139 2395 2144 2400 ’
2203 2419 2206 2424 “

318 2495 454 2556 Nos
482 2495 637 2556 viles
662 2496 817 2576 pulli
845 2496 977 2558 nati
1006 2496 1354 2558 infelicibus
1385 2496 1520 2560 ovis
1537 2497 1568 2557 ἲ

317 2593 479 2654 Rem
507 2594 736 2674 pateris
764 2596 1075 2666 modicam
1102 2604 1169 2656 et
1194 2594 1494 2656 mediocri
1517 2594 1641 2656 bile
1669 2595 2003 2672 ferendam,

319 2691 387 2752 Si
413 2692 637 2754 flectas
655 2694 868 2759 oculos
894 2693 1129 2774 majora
1155 2693 1236 2754 ad
1264 2692 1538 2755 crimina.
1621 2693 1850 2755 Confer
2323 2761 2331 2767 ,

318 2790 717 2853 Conductum
742 2792 1068 2866 latronem,
1097 2790 1389 2872 incendia
1414 2790 1645 2851 sulfure
1673 2802 1895 2872 coepta
2173 2781 2194 2812 ⁸
2231 2807 2355 2864 145,

313 2887 528 2969 Atque
557 2889 720 2964 dolo,
749 2888 983 2970 primos
1012 2907 1205 2969 quum
1223 2888 1423 2968 janua
1450 2887 1687 2969 colligit
1713 2888 1927 2968 ignes:

318 2985 547 3046 Confer
574 2996 640 3047 et
665 2987 781 3048 hos
808 2985 1039 3046 veteris
1067 2984 1173 3065 qui
1201 2985 1436 3046 tollunt*
1460 2984 1719 3064 grandia
1745 2985 1964 3067 templi

314 3082 553 3143 Pocula
581 3082 930 3145 adorandae
957 3081 1256 3162 robiginis
1284 3090 1349 3142 et
1376 3081 1745 3161 populorum

315 3179 502 3240 Dona
528 3180 631 3240 vel
657 3180 914 3261 antiquo
940 3178 1175 3260 positas
1208 3197 1245 3237 a
1270 3196 1418 3257 rege
1447 3197 1719 3239 coronas.
1775 3195 1780 3198 ·

316 3278 490 3337 Haec
515 3275 603 3337 ibi
630 3275 682 3337 si
709 3296 834 3337 non
862 3285 1026 3353 sunt,
1054 3275 1259 3346 minor
1284 3282 1491 3335 exstat
1517 3275 1850 3357 sacrilegus
1864 3276 1983 3356 ‚qui
2227 3293 2322 3364 iso

196 3511 325 3526 4*-
