2734 4017
388 182 474 250 52
998 201 1069 248 D.
1117 201 1323 249 sonu
1366 199 1783 250 JUVENAHS

387 365 515 429 Sed
543 364 742 449 qualis
770 367 996 427 rediit?
1037 387 1258 448 nempe
1290 387 1413 428 una
1440 387 1617 441 nave,
1648 366 1920 429 cruentis
2050 375 2060 382 “
2301 384 2390 429 185

385 462 731 538 Fluctibus,
760 482 833 525 ac
859 464 1041 525 tarda
1066 484 1178 544 per
1204 465 1398 525 densa
1425 465 1728 524 cadavera
1754 485 1955 545 prora.

385 559 520 622 Has
546 561 736 623 toties
764 569 983 641 optata
1010 561 1219 641 exegit
1243 561 1444 641 gloria
1469 561 1731 642 poenas!

464 657 620 718 “Da
646 656 916 738 spatium
946 656 1133 732 vitae,
1161 657 1394 717 multos
1421 658 1520 732 da,
1548 656 1591 717 J
1594 658 1855 737 uppiter,
1885 659 2113 721 annos!
2134 659 2170 689 ’⁹

386 753 528 816 Hoc
553 763 724 816 recto
752 753 950 828 vultu,
978 753 1180 814 solum
1207 754 1327 814 hoc
1354 763 1421 814 et
1446 754 1714 834 pallidus
1741 765 1935 835 optas·

389 851 515 912 Sed
543 871 729 932 quam
755 850 1066 914 continuis
1093 860 1159 912 et
1188 850 1436 930 quantis
1464 851 1652 931 longa
1678 862 1963 915 senectus
2302 870 2394 920 190

385 947 584 1009 Plena
608 949 816 1011 malis!
899 948 1261 1010 Deformem
1287 957 1355 1008 et
1382 956 1615 1008 tetrum
1644 958 1789 1009 ante
1819 951 2026 1011 omnia
2052 952 2300 1016 vultum

384 1046 882 1127 Dissimilemque
908 1046 1021 1122 sui,
1049 1046 1388 1107 deformem
1416 1065 1528 1125 pro
1557 1056 1699 1106 cute
1726 1047 1953 1127 pellem

385 1143 861 1224 Pendentesque
887 1164 1078 1225 genas
1105 1153 1170 1205 et
1198 1144 1354 1204 tales
1384 1142 1588 1223 aspice
1615 1162 1817 1224 rugas,

386 1241 635 1316 Quales,
665 1241 1025 1302 umbriferos
1055 1241 1159 1302 ubi
1185 1241 1408 1322 pandit
1437 1239 1719 1301 Tabraca
1746 1242 1954 1319 saltus,

384 1336 463 1398 In
490 1337 704 1398 vetula
729 1338 948 1418 scalpit
965 1339 1103 1419 jam
1128 1346 1329 1399 mater
1356 1338 1536 1399 simia
1562 1338 1775 1400 bucca.
2215 1421 2220 1428 ἡ
2298 1357 2394 1404 196

385 1434 664 1494 Plurima
689 1444 833 1495 sunt
850 1436 1156 1514 juvenum
1183 1436 1574 1497 discrimina:
1615 1437 1886 1516 pulcrior
1914 1437 2018 1499 ille

384 1530 544 1605 Hoc,
573 1538 757 1611 atque
784 1531 887 1592 ille
916 1532 1071 1607 alio;
1110 1533 1378 1593 multum
1405 1533 1507 1594 hic
1535 1534 1843 1595 robustior
1872 1535 2014 1596 illo:

384 1627 535 1691 Una
561 1647 777 1688 senum
804 1628 1005 1703 139199,
1035 1651 1177 1691 911111
1204 1651 1357 1691 voce
1387 1630 1720 1691 trementia
1750 1632 2024 1693 membra

382 1724 469 1786 Et
486 1725 623 1805 jam
648 1725 785 1786 leve
813 1735 1000 1806 caput
1026 1727 1384 1808 madidique
1413 1728 1675 1789 infantia
1703 1728 1855 1791 nasi.

382 1820 789 1902 Frangendus
814 1824 1040 1884 misero
1066 1825 1324 1904 gingiva
1349 1825 1528 1906 panis
1556 1826 1795 1888 inermi.
2295 1846 2394 1894 200,

381 1916 602 1999 Usque
631 1920 787 1981 adeo
814 1921 1019 2001 gravis
1047 1922 1225 1981 uxori
1254 1923 1537 2003 natisque
1568 1924 1825 2008 sibique,

381 2014 480 2078 Ut
507 2018 808 2097 captatori
836 2029 1084 2078 moveat
1110 2019 1359 2079 fastidia
1390 2021 1600 2083 Cosso·

379 2112 530 2173 Non
558 2114 775 2174 eadem
803 2115 931 2175 vini
962 2123 1147 2194 atque
1177 2116 1296 2176 cibi
1325 2125 1613 2197 torpente
1642 2121 1852 2200 palato

381 2209 659 2270 Gaudia:
700 2230 846 2271 nam
875 2211 1071 2271 coitus
1088 2213 1220 2292 jam
1253 2215 1443 2294 longa
1470 2217 1737 2293 oblivio;
1780 2219 1881 2280 vel
1911 2220 1963 2281 si
2362 2294 2369 2301 ,

381 2307 656 2380 Coneris,
674 2308 846 2387 jacet
875 2308 1133 2388 exiguus
1162 2330 1302 2371 cum
1332 2313 1559 2374 ramice
1590 2336 1835 2391 nervuS,
2291 2335 2388 2380 205

378 2402 466 2464 Et
493 2403 773 2484 quamvis
802 2413 938 2464 tota
964 2407 1250 2486 palpetur
1278 2419 1462 2469 nocte
1493 2412 1747 2491 jacebit.

377 2500 564 2561 Anne
593 2501 825 2580 aliquid
854 2521 1094 2580 sperare
1123 2515 1332 2584 potest
1359 2507 1514 2567 haec
1545 2508 1816 2589 inguinis
1844 2510 2012 2591 aegri

379 2596 699 2660 Canities?
740 2598 905 2677 quid,
937 2602 1103 2678 quod
1132 2602 1353 2663 merito
1385 2616 1672 2684 suspecta
1698 2607 1891 2668 libido
1921 2616 2015 2670 est

378 2693 555 2766 Quae
583 2692 897 2755 Venerem
925 2696 1174 2758 affectat
1203 2698 1334 2759 sine
1362 2701 1615 2763 viribus.
1697 2703 1926 2783 Aspice
1953 2703 2146 2784 partis

375 2789 564 2850 Nunc
593 2790 888 2852 damnum
916 2792 1201 2855 alterius:
1244 2817 1390 2857 nam
1419 2817 1575 2878 quae
1605 2811 1899 2861 cantante
1926 2802 2233 2881 voluptas,
2289 2816 2385 2862 210

377 2886 474 2947 Sit
499 2886 646 2949 lieet
675 2887 933 2949 eximius
963 2890 1357 2953 citharoedus
1387 2895 1545 2955 sitve
1577 2896 1887 2972 8919119119,

375 2982 461 3043 Et
489 2983 709 3064 quibus
738 2997 953 3048 aurata
981 3008 1115 3049 mos
1145 3000 1240 3050 est
1267 2991 1504 3071 fulgere
1534 2994 1777 3055 lacerna
1794 2996 1822 3054 ’Β

373 3078 542 3151 Quid
569 3079 757 3141 refert
783 3083 995 3163 magni
1023 3084 1237 3144 sedeat
1265 3103 1388 3165 qua
1414 3097 1588 3167 parte
1617 3090 1860 3166 theatri,

372 3174 498 3247 Qui
524 3176 631 3236 vix
660 3177 1001 3239 cornicines
1031 3182 1321 3241 exaudiet
1350 3193 1535 3263 atque
1565 3186 1849 3245 tubarum

371 3273 770 3335 Concentus?
812 3275 1075 3336 clamore
1105 3297 1257 3356 opus
1287 3289 1383 3339 est
1410 3291 1481 3341 ut
1509 3283 1736 3342 sentiat
1765 3282 1925 3343 auris
2285 3300 2381 3347 215

369 3369 575 3442 Quem
602 3372 770 3433 dicat
799 3373 1040 3440 venisse
1069 3394 1238 3454 puer,
1270 3385 1425 3458 quot
1452 3379 1705 3441 nunciet
1731 3381 1930 3441 horas.
