2734 4017
398 215 481 280 66
1007 233 1079 280 n.
1126 234 1334 283 Jmm
1376 234 1792 284 JUVENALrs

392 396 481 459 Et
507 399 794 460 miserere
821 398 1046 461 iterum
1067 421 1085 477 ;
1127 420 1481 482 quanquam
1507 401 1632 462 sint
1660 410 1867 462 cetera
1893 400 2076 462 sortis
2339 420 2407 465 25

392 494 732 576 Ejusdem3
772 515 914 577 pars
942 498 1077 558 dira
1104 498 1356 578 quidem
1384 498 1494 559 sed
1524 496 1775 577 cognita
1803 497 2033 573 multis,

393 591 479 653 Et
508 613 692 673 quam
719 593 932 655 votiva
958 603 1269 656 testantur
1293 596 1438 655 fana
1464 594 1696 656 tabella

392 687 687 748 Plurima.
766 687 1049 749 Pictores
1076 689 1214 770 quis
1241 689 1439 750 nescit
1468 689 1546 749 ab
1572 688 1739 749 Iside
1765 690 1982 771 pasci?

389 784 642 845 Accidit
669 795 736 847 et
762 794 976 846 nostro
1004 786 1217 847 similis
1243 787 1493 847 fortuna
1520 786 1788 849 Catullo.

391 880 602 954 Quum
628 881 847 961 plenus
874 881 1066 942 fluctu
1095 882 1335 943 medius
1361 882 1524 944 foret
1552 884 1764 947 alveus
1791 894 1858 948 et
1886 885 2022 968 jam
2343 904 2402 951 30

389 980 723 1041 Alternum
748 980 974 1060 puppis
1001 981 1164 1042 latus
1194 982 1619 1045 evertentibus
1645 984 1831 1047 undis

389 1075 650 1138 Arboris
676 1076 948 1138 incertae
977 1078 1210 1139 nullam
1238 1079 1571 1159 prudentia
1598 1081 1737 1143 cani

389 1173 677 1235 Rectoris
703 1173 1012 1235 conferret
1040 1195 1239 1256 opem,
1268 1176 1554 1239 decidere
1584 1178 1761 1261 jactu

392 1271 616 1353 Coepit
645 1292 787 1333 cum
814 1272 1036 1347 ventis,
1063 1272 1343 1336 imitatus
1372 1285 1627 1350 castora,
1655 1277 1759 1357 qui
1788 1296 1855 1339 se

389 1369 764 1430 Eunuchum
790 1368 920 1449 ipse
948 1369 1096 1430 facit
1123 1371 1378 1451 cupiens
1407 1373 1668 1435 evadere
1696 1374 1925 1436 damno
2339 1391 2402 1435 35

391 1466 724 1542 Testiculi3
765 1467 922 1528 adeo
951 1468 1328 1530 medicatum
1354 1470 1648 1552 intelligit
1673 1472 1923 1552 inguen.

389 1564 716 1626 “Fundite
745 1584 904 1646 quae
934 1586 1072 1627 mea
1100 1566 1297 1642 sunt,”
1326 1567 1590 1643 dicebat,
1617 1575 1652 1606 ‘⁶
1674 1568 1949 1643 cuncta‚”
1979 1569 2281 1644 Catullus,

388 1662 808 1743 Praecipitare
837 1663 1054 1725 volens
1083 1664 1273 1725 etiam
1298 1665 1725 1745 pulcherrima,
1751 1675 1993 1727 vestem

389 1759 775 1841 Purpuream
803 1761 1030 1823 teneris
1058 1781 1304 1843 quoque
1332 1762 1799 1824 Maecenatibus
1827 1772 2054 1843 aptam,

389 1859 601 1940 Atque
630 1858 781 1920 alias
808 1878 1068 1940 quarum
1095 1859 1380 1939 generosi
1406 1858 1698 1940 graminis
1724 1860 1928 1939 ipsum
2334 1874 2401 1919 40

388 1958 613 2019 Infecit
641 1966 863 2018 natura
889 1976 1095 2037 pecus,
1124 1956 1231 2017 sed
1263 1965 1328 2017 et
1355 1955 1639 2037 egregius
1664 1956 1802 2018 fons

388 2054 645 2117 Viribus
674 2055 934 2117 occultis
961 2063 1028 2115 et
1054 2053 1346 2114 Baeticus
1376 2054 1474 2133 adj
1483 2064 1632 2115 uvat
1660 2073 1780 2115 aer.

388 2151 505 2213 Ille
533 2171 649 2213 nec
677 2161 1006 2233 argentum
1033 2149 1361 2211 dubitabat
1387 2150 1652 2225 mittere,
1680 2153 1888 2212 lances

388 2249 727 2311 Parthenio
754 2249 965 2324 factas,
995 2267 1185 2308 urnae
1213 2258 1453 2308 cratera
1478 2267 1767 2328 capacem

389 2346 476 2407 Et
504 2346 764 2427 dignum
791 2346 1041 2408 sitiente
1072 2344 1276 2405 Pholo
1303 2345 1407 2405 vel
1434 2344 1697 2425 conjuge
1724 2344 1952 2420 Fusci3
2334 2360 2398 2405 45

389 2444 578 2505 Adde
606 2452 672 2506 et
697 2443 1037 2505 bascaudas
1064 2451 1129 2504 et
1157 2441 1326 2503 mille
1356 2441 1597 2515 escalin,
1624 2441 1894 2502 multum

392 2541 631 2603 Caelati
655 2542 898 2603 biberat
927 2562 1051 2623 quo
1079 2541 1340 2603 callidus
1370 2547 1615 2618 emptor
1644 2537 1922 2618 Olynthi.

393 2638 519 2700 Sed
547 2640 683 2720 quis
710 2660 876 2702 nunc
904 2640 1059 2701 alius
1087 2658 1210 2721 qua
1237 2636 1454 2698 mundi
1482 2644 1677 2716 parte,
1705 2636 1842 2715 quis
1870 2635 2060 2697 audet

390 2737 675 2817 Argento
704 2736 1006 2816 praeferre
1035 2744 1223 2816 caput
1251 2735 1558 2813 rebusque
1587 2732 1850 2794 salutem
1866 2733 1897 2793 ἲ

390 2833 540 2894 Non
567 2843 821 2913 propter
846 2833 1041 2893 vitam
1068 2833 1303 2893 faciunt
1329 2829 1704 2911 patrimonia
1731 2828 2001 2909 quidam,
2338 2843 2400 2889 5⁰

393 2930 519 2992 Sed
547 2929 704 2991 vitio
732 2929 895 2991 caeci
923 2938 1175 3009 propter
1198 2927 1572 3010 patrimonia
1598 2926 1840 2988 vivunt.

389 3026 435 3088 J
436 3035 679 3087 actatur
703 3046 910 3086 rerum
937 3025 1184 3085 utilium
1208 3044 1350 3107 pars
1378 3025 1681 3100 maxima3
1722 3022 1832 3084 sed
1861 3041 1976 3084 nec

391 3123 640 3184 Damna
665 3124 894 3184 levant.
974 3121 1153 3182 Tunc
1181 3121 1454 3182 adversis
1483 3121 1842 3202 urgentibus
1869 3121 2018 3182 illuc

394 3219 646 3281 Decidit
674 3228 746 3280 ut
772 3220 1004 3279 malum
1029 3218 1190 3280 ferro
1218 3217 1667 3293 summitteret3
1705 3219 1824 3280 hac
1850 3238 1918 3280 re

394 3316 685 3396 Explicat
713 3324 1080 3395 angustum3
1121 3315 1487 3376 discriminis
1515 3315 1734 3375 ultima
1761 3314 2011 3395 quando
2340 3328 2405 3376 εδ

393 3413 714 3475 Praesidia
739 3411 1047 3474 afferimus
1072 3431 1297 3473 navem
1321 3413 1561 3473 factura
1585 3411 1906 3473 minorem.
