<?xml version="1.0" encoding="UTF-8"?>
<!DOCTYPE html PUBLIC "-//W3C//DTD XHTML 1.0 Transitional//EN"
    "http://www.w3.org/TR/xhtml1/DTD/xhtml1-transitional.dtd">
<html xmlns="http://www.w3.org/1999/xhtml" xml:lang="en" lang="en">
 <head>
  <title>
</title>
<meta http-equiv="Content-Type" content="text/html;charset=utf-8" />
  <meta name='ocr-system' content='tesseract 3.04.00' />
  <meta name='ocr-capabilities' content='ocr_page ocr_carea ocr_par ocr_line ocrx_word'/>
</head>
<body>
  <div class='ocr_page' id='page_1' title='image "./thirteensatires00unkngoog_0079.png"; bbox 0 0 2734 4017; ppageno 0'>
   <div class='ocr_carea' id='block_1_1' title="bbox 1137 239 2384 303">
    <p class='ocr_par' dir='ltr' id='par_1_1' title="bbox 1137 239 2384 303">
     <span class='ocr_line' id='line_1_1' title="bbox 1137 239 2384 303; baseline 0.002 -3"><span class='ocrx_word' id='word_1_1' title='bbox 1137 251 1412 300; x_wconf 78' lang='lat' dir='ltr'><strong>sA&#39;rmA</strong></span> <span class='ocrx_word' id='word_1_2' title='bbox 1460 253 1567 301; x_wconf 74' lang='lat' dir='ltr'><strong>xl.</strong></span> <span class='ocrx_word' id='word_1_3' title='bbox 2300 239 2384 303; x_wconf 82' lang='lat'><strong>63</strong></span> 
     </span>
    </p>
   </div>
   <div class='ocr_carea' id='block_1_2' title="bbox 367 419 2462 3541">
    <p class='ocr_par' dir='ltr' id='par_1_2' title="bbox 367 419 2462 3341">
     <span class='ocr_line' id='line_1_2' title="bbox 367 419 1903 499; baseline 0.001 -19"><span class='ocrx_word' id='word_1_4' title='bbox 367 419 461 480; x_wconf 82' lang='lat' dir='ltr'><strong>Et</strong></span> <span class='ocrx_word' id='word_1_5' title='bbox 489 419 762 480; x_wconf 88' lang='lat' dir='ltr'><strong>casulam</strong></span> <span class='ocrx_word' id='word_1_6' title='bbox 790 429 854 480; x_wconf 89' lang='lat' dir='ltr'><strong>et</strong></span> <span class='ocrx_word' id='word_1_7' title='bbox 881 429 1064 480; x_wconf 84' lang='lat' dir='ltr'><strong>notos</strong></span> <span class='ocrx_word' id='word_1_8' title='bbox 1091 419 1285 480; x_wconf 84' lang='lat' dir='ltr'><strong>tristis</strong></span> <span class='ocrx_word' id='word_1_9' title='bbox 1311 420 1626 481; x_wconf 89' lang='lat' dir='ltr'><strong>desiderat</strong></span> <span class='ocrx_word' id='word_1_10' title='bbox 1652 422 1903 499; x_wconf 45' lang='lat' dir='ltr'><strong>haedo&amp;</strong></span> 
     </span>
     <span class='ocr_line' id='line_1_3' title="bbox 369 516 1763 597; baseline 0.001 -20"><span class='ocrx_word' id='word_1_11' title='bbox 369 516 644 597; x_wconf 90' lang='lat' dir='ltr'><strong>Ingenui</strong></span> <span class='ocrx_word' id='word_1_12' title='bbox 670 517 883 576; x_wconf 89' lang='lat' dir='ltr'><strong>vultus</strong></span> <span class='ocrx_word' id='word_1_13' title='bbox 909 535 1063 597; x_wconf 86' lang='lat' dir='ltr'><strong>puer</strong></span> <span class='ocrx_word' id='word_1_14' title='bbox 1086 516 1466 597; x_wconf 90' lang='lat' dir='ltr'><strong>ingenuique</strong></span> <span class='ocrx_word' id='word_1_15' title='bbox 1493 517 1763 596; x_wconf 89' lang='lat' dir='ltr'><strong>pudoris,</strong></span> 
     </span>
     <span class='ocr_line' id='line_1_4' title="bbox 371 612 2384 694; baseline 0.005 -21"><span class='ocrx_word' id='word_1_16' title='bbox 371 614 609 687; x_wconf 81' lang='lat' dir='ltr'>Quales</span> <span class='ocrx_word' id='word_1_17' title='bbox 637 632 769 673; x_wconf 89' lang='lat' dir='ltr'><strong>esse</strong></span> <span class='ocrx_word' id='word_1_18' title='bbox 800 612 981 673; x_wconf 89' lang='lat' dir='ltr'><strong>decet</strong></span> <span class='ocrx_word' id='word_1_19' title='bbox 1008 632 1161 693; x_wconf 90' lang='lat' dir='ltr'><strong>quos</strong></span> <span class='ocrx_word' id='word_1_20' title='bbox 1190 613 1412 674; x_wconf 89' lang='lat' dir='ltr'><strong>ardens</strong></span> <span class='ocrx_word' id='word_1_21' title='bbox 1440 634 1713 694; x_wconf 80' lang='lat' dir='ltr'>purpura</span> <span class='ocrx_word' id='word_1_22' title='bbox 1739 619 1965 681; x_wconf 87' lang='lat' dir='ltr'><strong>vestit:</strong></span> <span class='ocrx_word' id='word_1_23' title='bbox 2290 638 2384 683; x_wconf 70' lang='lat'><strong>155</strong></span> 
     </span>
     <span class='ocr_line' id='line_1_5' title="bbox 369 710 1691 792; baseline 0.002 -21"><span class='ocrx_word' id='word_1_24' title='bbox 369 710 512 771; x_wconf 87' lang='lat' dir='ltr'><strong>Nec</strong></span> <span class='ocrx_word' id='word_1_25' title='bbox 539 711 873 792; x_wconf 84' lang='lat' dir='ltr'><strong>pugillares</strong></span> <span class='ocrx_word' id='word_1_26' title='bbox 901 710 1100 770; x_wconf 86' lang='lat' dir='ltr'><strong>defert</strong></span> <span class='ocrx_word' id='word_1_27' title='bbox 1125 710 1192 769; x_wconf 90' lang='lat' dir='ltr'><strong>in</strong></span> <span class='ocrx_word' id='word_1_28' title='bbox 1220 711 1441 770; x_wconf 89' lang='lat' dir='ltr'><strong>balnea</strong></span> <span class='ocrx_word' id='word_1_29' title='bbox 1467 730 1691 774; x_wconf 89' lang='lat' dir='ltr'><strong>raucus</strong></span> 
     </span>
     <span class='ocr_line' id='line_1_6' title="bbox 369 807 1866 892; baseline 0.003 -23"><span class='ocrx_word' id='word_1_30' title='bbox 369 807 742 882; x_wconf 88' lang='lat' dir='ltr'><strong>Testiculos,</strong></span> <span class='ocrx_word' id='word_1_31' title='bbox 769 826 885 868; x_wconf 92' lang='lat' dir='ltr'><strong>nec</strong></span> <span class='ocrx_word' id='word_1_32' title='bbox 915 808 1228 867; x_wconf 79' lang='lat' dir='ltr'><strong>vellendas</strong></span> <span class='ocrx_word' id='word_1_33' title='bbox 1244 807 1381 888; x_wconf 89' lang='lat' dir='ltr'><strong>jam</strong></span> <span class='ocrx_word' id='word_1_34' title='bbox 1407 810 1695 889; x_wconf 87' lang='lat' dir='ltr'><strong>praebuit</strong></span> <span class='ocrx_word' id='word_1_35' title='bbox 1721 820 1866 892; x_wconf 85' lang='lat' dir='ltr'><strong>alas,</strong></span> 
     </span>
     <span class='ocr_line' id='line_1_7' title="bbox 371 904 2044 997; baseline 0.002 -30"><span class='ocrx_word' id='word_1_36' title='bbox 371 907 597 970; x_wconf 84' lang='lat' dir='ltr'><strong>Orassa</strong></span> <span class='ocrx_word' id='word_1_37' title='bbox 623 925 740 966; x_wconf 86' lang='lat' dir='ltr'><strong>nec</strong></span> <span class='ocrx_word' id='word_1_38' title='bbox 767 905 1052 985; x_wconf 88' lang='lat' dir='ltr'><strong>opposito</strong></span> <span class='ocrx_word' id='word_1_39' title='bbox 1079 904 1342 985; x_wconf 86' lang='lat' dir='ltr'><strong>pavidus</strong></span> <span class='ocrx_word' id='word_1_40' title='bbox 1371 908 1532 990; x_wconf 87' lang='lat' dir='ltr'><strong>tegit</strong></span> <span class='ocrx_word' id='word_1_41' title='bbox 1558 911 1818 994; x_wconf 84' lang='lat' dir='ltr'><strong>inguina</strong></span> <span class='ocrx_word' id='word_1_42' title='bbox 1842 926 2044 997; x_wconf 73' lang='lat' dir='ltr'><strong>gatto,</strong></span> 
     </span>
     <span class='ocr_line' id='line_1_8' title="bbox 367 1002 1859 1076; baseline 0.005 -9"><span class='ocrx_word' id='word_1_43' title='bbox 367 1004 499 1067; x_wconf 87' lang='lat' dir='ltr'><strong>Hic</strong></span> <span class='ocrx_word' id='word_1_44' title='bbox 523 1004 641 1065; x_wconf 90' lang='lat' dir='ltr'><strong>tibi</strong></span> <span class='ocrx_word' id='word_1_45' title='bbox 669 1003 818 1065; x_wconf 86' lang='lat' dir='ltr'><strong>vina</strong></span> <span class='ocrx_word' id='word_1_46' title='bbox 844 1002 1020 1063; x_wconf 88' lang='lat' dir='ltr'><strong>dabit</strong></span> <span class='ocrx_word' id='word_1_47' title='bbox 1048 1002 1272 1064; x_wconf 87' lang='lat' dir='ltr'><strong>diffusa</strong></span> <span class='ocrx_word' id='word_1_48' title='bbox 1298 1005 1362 1064; x_wconf 91' lang='lat' dir='ltr'><strong>in</strong></span> <span class='ocrx_word' id='word_1_49' title='bbox 1394 1010 1711 1073; x_wconf 88' lang='lat' dir='ltr'><strong>montibus</strong></span> <span class='ocrx_word' id='word_1_50' title='bbox 1735 1013 1859 1076; x_wconf 91' lang='lat' dir='ltr'><strong>illis</strong></span> 
     </span>
     <span class='ocr_line' id='line_1_9' title="bbox 367 1103 2386 1186; baseline 0.003 -21"><span class='ocrx_word' id='word_1_51' title='bbox 367 1105 436 1165; x_wconf 81' lang='lat' dir='ltr'>A</span> <span class='ocrx_word' id='word_1_52' title='bbox 465 1104 688 1186; x_wconf 88' lang='lat' dir='ltr'><strong>quibus</strong></span> <span class='ocrx_word' id='word_1_53' title='bbox 714 1104 845 1184; x_wconf 88' lang='lat' dir='ltr'><strong>ipse</strong></span> <span class='ocrx_word' id='word_1_54' title='bbox 873 1103 1063 1178; x_wconf 83' lang='lat' dir='ltr'><strong>venit,</strong></span> <span class='ocrx_word' id='word_1_55' title='bbox 1091 1124 1353 1185; x_wconf 89' lang='lat' dir='ltr'><strong>quorum</strong></span> <span class='ocrx_word' id='word_1_56' title='bbox 1382 1109 1497 1170; x_wconf 90' lang='lat' dir='ltr'><strong>sub</strong></span> <span class='ocrx_word' id='word_1_57' title='bbox 1523 1111 1756 1174; x_wconf 86' lang='lat' dir='ltr'><strong>vertice</strong></span> <span class='ocrx_word' id='word_1_58' title='bbox 1783 1112 1966 1173; x_wconf 88' lang='lat' dir='ltr'><strong>lusit:</strong></span> <span class='ocrx_word' id='word_1_59' title='bbox 2292 1126 2386 1172; x_wconf 76' lang='lat'><strong>100</strong></span> 
     </span>
     <span class='ocr_line' id='line_1_10' title="bbox 367 1204 2306 1290; baseline 0.003 -26"><span class='ocrx_word' id='word_1_60' title='bbox 367 1204 663 1285; x_wconf 76' lang='lat' dir='ltr'><strong>Namque</strong></span> <span class='ocrx_word' id='word_1_61' title='bbox 690 1223 815 1265; x_wconf 90' lang='lat' dir='ltr'><strong>una</strong></span> <span class='ocrx_word' id='word_1_62' title='bbox 842 1213 1028 1284; x_wconf 87' lang='lat' dir='ltr'><strong>atquc</strong></span> <span class='ocrx_word' id='word_1_63' title='bbox 1055 1205 1273 1266; x_wconf 89' lang='lat' dir='ltr'><strong>eadem</strong></span> <span class='ocrx_word' id='word_1_64' title='bbox 1302 1217 1400 1269; x_wconf 90' lang='lat' dir='ltr'><strong>est</strong></span> <span class='ocrx_word' id='word_1_65' title='bbox 1430 1208 1558 1269; x_wconf 91' lang='lat' dir='ltr'><strong>vini</strong></span> <span class='ocrx_word' id='word_1_66' title='bbox 1582 1210 1785 1289; x_wconf 87' lang='lat' dir='ltr'><strong>patria</strong></span> <span class='ocrx_word' id='word_1_67' title='bbox 1811 1219 1995 1290; x_wconf 82' lang='lat' dir='ltr'><strong>atque</strong></span> <span class='ocrx_word' id='word_1_68' title='bbox 2021 1208 2306 1271; x_wconf 83' lang='lat' dir='ltr'><strong>ministri.</strong></span> 
     </span>
     <span class='ocr_line' id='line_1_11' title="bbox 368 1302 1705 1384; baseline 0.004 -21"><span class='ocrx_word' id='word_1_69' title='bbox 368 1302 663 1364; x_wconf 78' lang='lat' dir='ltr'><strong>Forsitan</strong></span> <span class='ocrx_word' id='word_1_70' title='bbox 691 1312 1012 1384; x_wconf 79' lang='lat' dir='ltr'><strong>exspectes</strong></span> <span class='ocrx_word' id='word_1_71' title='bbox 1040 1312 1113 1365; x_wconf 89' lang='lat' dir='ltr'><strong>ut</strong></span> <span class='ocrx_word' id='word_1_72' title='bbox 1140 1304 1453 1367; x_wconf 86' lang='lat' dir='ltr'><strong>Gaditana</strong></span> <span class='ocrx_word' id='word_1_73' title='bbox 1480 1325 1705 1368; x_wconf 86' lang='lat' dir='ltr'><strong>canoro</strong></span> 
     </span>
     <span class='ocr_line' id='line_1_12' title="bbox 368 1400 1812 1484; baseline 0.002 -22"><span class='ocrx_word' id='word_1_74' title='bbox 368 1400 643 1482; x_wconf 83' lang='lat' dir='ltr'><strong>Incipiat</strong></span> <span class='ocrx_word' id='word_1_75' title='bbox 668 1401 904 1483; x_wconf 88' lang='lat' dir='ltr'><strong>prurire</strong></span> <span class='ocrx_word' id='word_1_76' title='bbox 932 1402 1121 1463; x_wconf 89' lang='lat' dir='ltr'><strong>choro</strong></span> <span class='ocrx_word' id='word_1_77' title='bbox 1146 1404 1488 1484; x_wconf 87' lang='lat' dir='ltr'><strong>plausuque</strong></span> <span class='ocrx_word' id='word_1_78' title='bbox 1516 1403 1812 1484; x_wconf 87' lang='lat' dir='ltr'><strong>probatae</strong></span> 
     </span>
     <span class='ocr_line' id='line_1_13' title="bbox 369 1499 1958 1581; baseline 0.001 -21"><span class='ocrx_word' id='word_1_79' title='bbox 369 1500 482 1560; x_wconf 84' lang='lat' dir='ltr'><strong>Ad</strong></span> <span class='ocrx_word' id='word_1_80' title='bbox 510 1510 741 1560; x_wconf 89' lang='lat' dir='ltr'><strong>terram</strong></span> <span class='ocrx_word' id='word_1_81' title='bbox 767 1499 1033 1560; x_wconf 88' lang='lat' dir='ltr'><strong>tremulo</strong></span> <span class='ocrx_word' id='word_1_82' title='bbox 1062 1500 1445 1561; x_wconf 85' lang='lat' dir='ltr'><strong>descendant</strong></span> <span class='ocrx_word' id='word_1_83' title='bbox 1473 1502 1650 1562; x_wconf 87' lang='lat' dir='ltr'><strong>clune</strong></span> <span class='ocrx_word' id='word_1_84' title='bbox 1678 1501 1958 1581; x_wconf 86' lang='lat' dir='ltr'><strong>puellae:</strong></span> 
     </span>
     <span class='ocr_line' id='line_1_14' title="bbox 375 1597 2382 1679; baseline -0 -20"><span class='ocrx_word' id='word_1_85' title='bbox 375 1597 711 1678; x_wconf 88' lang='lat' dir='ltr'><strong>(Spectant</strong></span> <span class='ocrx_word' id='word_1_86' title='bbox 735 1598 857 1659; x_wconf 90' lang='lat' dir='ltr'><strong>hoc</strong></span> <span class='ocrx_word' id='word_1_87' title='bbox 882 1608 1113 1678; x_wconf 86' lang='lat' dir='ltr'><strong>nuptae</strong></span> <span class='ocrx_word' id='word_1_88' title='bbox 1129 1598 1318 1679; x_wconf 83' lang='lat' dir='ltr'><strong>juxta</strong></span> <span class='ocrx_word' id='word_1_89' title='bbox 1344 1598 1680 1660; x_wconf 83' lang='lat' dir='ltr'><strong>recubante</strong></span> <span class='ocrx_word' id='word_1_90' title='bbox 1707 1599 1929 1660; x_wconf 86' lang='lat' dir='ltr'><strong>marito</strong></span> <span class='ocrx_word' id='word_1_91' title='bbox 2289 1612 2382 1659; x_wconf 73' lang='lat'><strong>16³</strong></span> 
     </span>
     <span class='ocr_line' id='line_1_15' title="bbox 372 1692 2077 1775; baseline 0.001 -22"><span class='ocrx_word' id='word_1_92' title='bbox 372 1693 561 1766; x_wconf 83' lang='lat' dir='ltr'><strong>Quod</strong></span> <span class='ocrx_word' id='word_1_93' title='bbox 590 1692 822 1774; x_wconf 90' lang='lat' dir='ltr'><strong>pudeat</strong></span> <span class='ocrx_word' id='word_1_94' title='bbox 848 1712 1125 1754; x_wconf 87' lang='lat' dir='ltr'><strong>narrasse</strong></span> <span class='ocrx_word' id='word_1_95' title='bbox 1156 1694 1423 1774; x_wconf 84' lang='lat' dir='ltr'><strong>aliquem</strong></span> <span class='ocrx_word' id='word_1_96' title='bbox 1450 1693 1875 1774; x_wconf 78' lang='lat' dir='ltr'><strong>praesentibus</strong></span> <span class='ocrx_word' id='word_1_97' title='bbox 1902 1692 2077 1775; x_wconf 86' lang='lat' dir='ltr'><strong>ipsis)</strong></span> 
     </span>
     <span class='ocr_line' id='line_1_16' title="bbox 368 1787 1804 1868; baseline 0.001 -19"><span class='ocrx_word' id='word_1_98' title='bbox 368 1788 843 1849; x_wconf 89' lang='lat' dir='ltr'><strong>Irritamentum</strong></span> <span class='ocrx_word' id='word_1_99' title='bbox 869 1787 1136 1849; x_wconf 88' lang='lat' dir='ltr'><strong>Veneris</strong></span> <span class='ocrx_word' id='word_1_100' title='bbox 1163 1789 1515 1868; x_wconf 88' lang='lat' dir='ltr'><strong>languentis</strong></span> <span class='ocrx_word' id='word_1_101' title='bbox 1541 1799 1606 1850; x_wconf 91' lang='lat' dir='ltr'><strong>et</strong></span> <span class='ocrx_word' id='word_1_102' title='bbox 1634 1808 1804 1851; x_wconf 90' lang='lat' dir='ltr'><strong>acres</strong></span> 
     </span>
     <span class='ocr_line' id='line_1_17' title="bbox 372 1885 1877 1966; baseline 0.001 -19"><span class='ocrx_word' id='word_1_103' title='bbox 372 1885 609 1948; x_wconf 89' lang='lat' dir='ltr'><strong>Divitis</strong></span> <span class='ocrx_word' id='word_1_104' title='bbox 637 1887 890 1948; x_wconf 86' lang='lat' dir='ltr'><strong>urticae.</strong></span> <span class='ocrx_word' id='word_1_105' title='bbox 970 1885 1176 1966; x_wconf 87' lang='lat' dir='ltr'><strong>Major</strong></span> <span class='ocrx_word' id='word_1_106' title='bbox 1201 1896 1414 1946; x_wconf 90' lang='lat' dir='ltr'><strong>tamen</strong></span> <span class='ocrx_word' id='word_1_107' title='bbox 1441 1885 1563 1946; x_wconf 90' lang='lat' dir='ltr'><strong>ista</strong></span> <span class='ocrx_word' id='word_1_108' title='bbox 1588 1886 1877 1965; x_wconf 84' lang='lat' dir='ltr'><strong>voluptas</strong></span> 
     </span>
     <span class='ocr_line' id='line_1_18' title="bbox 369 1983 1944 2064; baseline -0.001 -20"><span class='ocrx_word' id='word_1_109' title='bbox 369 1984 652 2046; x_wconf 84' lang='lat' dir='ltr'><strong>Alterius</strong></span> <span class='ocrx_word' id='word_1_110' title='bbox 680 2003 897 2045; x_wconf 84' lang='lat' dir='ltr'><strong>sexus:</strong></span> <span class='ocrx_word' id='word_1_111' title='bbox 937 1983 1138 2064; x_wconf 91' lang='lat' dir='ltr'><strong>magis</strong></span> <span class='ocrx_word' id='word_1_112' title='bbox 1164 1983 1271 2044; x_wconf 90' lang='lat' dir='ltr'><strong>ille</strong></span> <span class='ocrx_word' id='word_1_113' title='bbox 1300 1983 1677 2058; x_wconf 85' lang='lat' dir='ltr'><strong>extenditur,</strong></span> <span class='ocrx_word' id='word_1_114' title='bbox 1706 1992 1770 2044; x_wconf 89' lang='lat' dir='ltr'><strong>et</strong></span> <span class='ocrx_word' id='word_1_115' title='bbox 1796 2002 1944 2044; x_wconf 80' lang='lat' dir='ltr'><strong>mox</strong></span> 
     </span>
     <span class='ocr_line' id='line_1_19' title="bbox 371 2079 2383 2162; baseline -0.001 -21"><span class='ocrx_word' id='word_1_116' title='bbox 371 2081 648 2142; x_wconf 86' lang='lat' dir='ltr'><strong>Auribus</strong></span> <span class='ocrx_word' id='word_1_117' title='bbox 676 2091 862 2162; x_wconf 83' lang='lat' dir='ltr'><strong>atque</strong></span> <span class='ocrx_word' id='word_1_118' title='bbox 890 2080 1086 2142; x_wconf 90' lang='lat' dir='ltr'><strong>oculis</strong></span> <span class='ocrx_word' id='word_1_119' title='bbox 1113 2087 1413 2158; x_wconf 88' lang='lat' dir='ltr'><strong>concepta</strong></span> <span class='ocrx_word' id='word_1_120' title='bbox 1441 2079 1618 2140; x_wconf 85' lang='lat' dir='ltr'><strong>urina</strong></span> <span class='ocrx_word' id='word_1_121' title='bbox 1642 2089 1946 2141; x_wconf 89' lang='lat' dir='ltr'><strong>movetur.</strong></span> <span class='ocrx_word' id='word_1_122' title='bbox 2288 2094 2383 2141; x_wconf 81' lang='grc'><strong>170</strong></span> 
     </span>
     <span class='ocr_line' id='line_1_20' title="bbox 372 2176 2036 2260; baseline -0.002 -20"><span class='ocrx_word' id='word_1_123' title='bbox 372 2178 523 2241; x_wconf 86' lang='lat' dir='ltr'><strong>Non</strong></span> <span class='ocrx_word' id='word_1_124' title='bbox 550 2179 717 2259; x_wconf 87' lang='lat' dir='ltr'><strong>capit</strong></span> <span class='ocrx_word' id='word_1_125' title='bbox 744 2179 855 2241; x_wconf 88' lang='lat' dir='ltr'><strong>has</strong></span> <span class='ocrx_word' id='word_1_126' title='bbox 882 2197 1082 2260; x_wconf 91' lang='lat' dir='ltr'><strong>nugas</strong></span> <span class='ocrx_word' id='word_1_127' title='bbox 1111 2177 1361 2238; x_wconf 89' lang='lat' dir='ltr'><strong>humilis</strong></span> <span class='ocrx_word' id='word_1_128' title='bbox 1389 2177 1643 2238; x_wconf 90' lang='lat' dir='ltr'><strong>domus:</strong></span> <span class='ocrx_word' id='word_1_129' title='bbox 1689 2176 1902 2238; x_wconf 90' lang='lat' dir='ltr'><strong>audiat</strong></span> <span class='ocrx_word' id='word_1_130' title='bbox 1930 2177 2036 2237; x_wconf 90' lang='lat' dir='ltr'><strong>ille</strong></span> 
     </span>
     <span class='ocr_line' id='line_1_21' title="bbox 371 2273 2064 2358; baseline -0.001 -21"><span class='ocrx_word' id='word_1_131' title='bbox 371 2277 703 2338; x_wconf 85' lang='lat' dir='ltr'><strong>Testarum</strong></span> <span class='ocrx_word' id='word_1_132' title='bbox 729 2277 1000 2358; x_wconf 90' lang='lat' dir='ltr'><strong>crepitus</strong></span> <span class='ocrx_word' id='word_1_133' title='bbox 1029 2296 1170 2337; x_wconf 91' lang='lat' dir='ltr'><strong>cum</strong></span> <span class='ocrx_word' id='word_1_134' title='bbox 1198 2275 1405 2336; x_wconf 86' lang='lat' dir='ltr'><strong>verbis</strong></span> <span class='ocrx_word' id='word_1_135' title='bbox 1431 2273 1670 2334; x_wconf 89' lang='lat' dir='ltr'><strong>nudum</strong></span> <span class='ocrx_word' id='word_1_136' title='bbox 1698 2275 1865 2335; x_wconf 88' lang='lat' dir='ltr'><strong>olido</strong></span> <span class='ocrx_word' id='word_1_137' title='bbox 1893 2285 2064 2335; x_wconf 89' lang='lat' dir='ltr'><strong>stans</strong></span> 
     </span>
     <span class='ocr_line' id='line_1_22' title="bbox 372 2371 2005 2456; baseline -0.003 -20"><span class='ocrx_word' id='word_1_138' title='bbox 372 2374 637 2436; x_wconf 83' lang='lat' dir='ltr'><strong>Fornice</strong></span> <span class='ocrx_word' id='word_1_139' title='bbox 664 2375 1041 2456; x_wconf 89' lang='lat' dir='ltr'><strong>mancipium</strong></span> <span class='ocrx_word' id='word_1_140' title='bbox 1070 2373 1292 2454; x_wconf 90' lang='lat' dir='ltr'><strong>quibus</strong></span> <span class='ocrx_word' id='word_1_141' title='bbox 1321 2372 1608 2445; x_wconf 88' lang='lat' dir='ltr'><strong>abstinet,</strong></span> <span class='ocrx_word' id='word_1_142' title='bbox 1637 2371 1740 2432; x_wconf 89' lang='lat' dir='ltr'><strong>ille</strong></span> <span class='ocrx_word' id='word_1_143' title='bbox 1766 2372 2005 2432; x_wconf 85' lang='lat' dir='ltr'><strong>fruatur</strong></span> 
     </span>
     <span class='ocr_line' id='line_1_23' title="bbox 375 2468 1783 2552; baseline -0.004 -18"><span class='ocrx_word' id='word_1_144' title='bbox 375 2472 655 2534; x_wconf 89' lang='lat' dir='ltr'><strong>Vocibus</strong></span> <span class='ocrx_word' id='word_1_145' title='bbox 680 2473 1003 2534; x_wconf 91' lang='lat' dir='ltr'><strong>obscoenis</strong></span> <span class='ocrx_word' id='word_1_146' title='bbox 1031 2471 1320 2552; x_wconf 89' lang='lat' dir='ltr'><strong>omnique</strong></span> <span class='ocrx_word' id='word_1_147' title='bbox 1348 2468 1623 2530; x_wconf 89' lang='lat' dir='ltr'><strong>libidinis</strong></span> <span class='ocrx_word' id='word_1_148' title='bbox 1650 2479 1783 2529; x_wconf 88' lang='lat' dir='ltr'><strong>arte</strong></span> 
     </span>
     <span class='ocr_line' id='line_1_24' title="bbox 376 2565 2462 2651; baseline -0.003 -20"><span class='ocrx_word' id='word_1_149' title='bbox 376 2570 502 2643; x_wconf 82' lang='lat' dir='ltr'><strong>Qui</strong></span> <span class='ocrx_word' id='word_1_150' title='bbox 528 2571 1089 2633; x_wconf 89' lang='lat' dir='ltr'><strong>Lacedaemonium</strong></span> <span class='ocrx_word' id='word_1_151' title='bbox 1117 2570 1455 2651; x_wconf 86' lang='lat' dir='ltr'><strong>pytismate</strong></span> <span class='ocrx_word' id='word_1_152' title='bbox 1483 2565 1749 2627; x_wconf 87' lang='lat' dir='ltr'><strong>lubricat</strong></span> <span class='ocrx_word' id='word_1_153' title='bbox 1777 2565 2007 2626; x_wconf 86' lang='lat' dir='ltr'><strong>orbem.</strong></span> <span class='ocrx_word' id='word_1_154' title='bbox 2287 2578 2383 2626; x_wconf 76' lang='grc'><strong>175</strong></span> <span class='ocrx_word' id='word_1_155' title='bbox 2455 2579 2462 2584; x_wconf 93' lang='grc'>·</span> 
     </span>
     <span class='ocr_line' id='line_1_25' title="bbox 374 2662 2064 2751; baseline -0.004 -23"><span class='ocrx_word' id='word_1_156' title='bbox 374 2668 665 2751; x_wconf 87' lang='lat' dir='ltr'><strong>Namque</strong></span> <span class='ocrx_word' id='word_1_157' title='bbox 691 2670 780 2731; x_wconf 88' lang='lat' dir='ltr'><strong>ibi</strong></span> <span class='ocrx_word' id='word_1_158' title='bbox 806 2671 1089 2732; x_wconf 85' lang='lat' dir='ltr'><strong>fortunae</strong></span> <span class='ocrx_word' id='word_1_159' title='bbox 1119 2668 1365 2731; x_wconf 88' lang='lat' dir='ltr'><strong>veniam</strong></span> <span class='ocrx_word' id='word_1_160' title='bbox 1395 2667 1649 2738; x_wconf 83' lang='lat' dir='ltr'><strong>damus3</strong></span> <span class='ocrx_word' id='word_1_161' title='bbox 1691 2663 1826 2723; x_wconf 88' lang='lat' dir='ltr'><strong>alea</strong></span> <span class='ocrx_word' id='word_1_162' title='bbox 1853 2662 2064 2742; x_wconf 80' lang='lat' dir='ltr'><strong>turpis,</strong></span> 
     </span>
     <span class='ocr_line' id='line_1_26' title="bbox 372 2759 2157 2848; baseline -0.005 -21"><span class='ocrx_word' id='word_1_163' title='bbox 372 2767 584 2848; x_wconf 84' lang='lat' dir='ltr'><strong>Turpe</strong></span> <span class='ocrx_word' id='word_1_164' title='bbox 613 2777 678 2830; x_wconf 91' lang='lat' dir='ltr'><strong>et</strong></span> <span class='ocrx_word' id='word_1_165' title='bbox 706 2769 1078 2830; x_wconf 89' lang='lat' dir='ltr'><strong>adulterium</strong></span> <span class='ocrx_word' id='word_1_166' title='bbox 1106 2766 1536 2829; x_wconf 85' lang='lat' dir='ltr'><strong>mediocribus.</strong></span> <span class='ocrx_word' id='word_1_167' title='bbox 1619 2760 1797 2821; x_wconf 87' lang='lat' dir='ltr'><strong>Haec</strong></span> <span class='ocrx_word' id='word_1_168' title='bbox 1824 2759 2042 2821; x_wconf 87' lang='lat' dir='ltr'><strong>eadem</strong></span> <span class='ocrx_word' id='word_1_169' title='bbox 2068 2759 2157 2820; x_wconf 84' lang='lat' dir='ltr'><strong>illi</strong></span> 
     </span>
     <span class='ocr_line' id='line_1_27' title="bbox 375 2863 2018 2948; baseline -0.005 -23"><span class='ocrx_word' id='word_1_170' title='bbox 375 2865 607 2926; x_wconf 90' lang='lat' dir='ltr'><strong>Omnia</strong></span> <span class='ocrx_word' id='word_1_171' title='bbox 632 2887 823 2948; x_wconf 88' lang='lat' dir='ltr'><strong>quum</strong></span> <span class='ocrx_word' id='word_1_172' title='bbox 848 2868 1085 2930; x_wconf 85' lang='lat' dir='ltr'><strong>faciunt</strong></span> <span class='ocrx_word' id='word_1_173' title='bbox 1110 2868 1337 2928; x_wconf 90' lang='lat' dir='ltr'><strong>hilares</strong></span> <span class='ocrx_word' id='word_1_174' title='bbox 1365 2863 1672 2943; x_wconf 87' lang='lat' dir='ltr'><strong>nitidique</strong></span> <span class='ocrx_word' id='word_1_175' title='bbox 1699 2868 2018 2921; x_wconf 87' lang='lat' dir='ltr'><strong>vocantur.</strong></span> 
     </span>
     <span class='ocr_line' id='line_1_28' title="bbox 376 2957 1837 3029; baseline -0.005 -5"><span class='ocrx_word' id='word_1_176' title='bbox 376 2963 613 3026; x_wconf 88' lang='lat' dir='ltr'><strong>Nostra</strong></span> <span class='ocrx_word' id='word_1_177' title='bbox 639 2965 880 3029; x_wconf 90' lang='lat' dir='ltr'><strong>dabunt</strong></span> <span class='ocrx_word' id='word_1_178' title='bbox 909 2967 1063 3029; x_wconf 85' lang='lat' dir='ltr'><strong>alios</strong></span> <span class='ocrx_word' id='word_1_179' title='bbox 1090 2966 1276 3028; x_wconf 91' lang='lat' dir='ltr'><strong>hodie</strong></span> <span class='ocrx_word' id='word_1_180' title='bbox 1306 2962 1596 3026; x_wconf 87' lang='lat' dir='ltr'><strong>convivia</strong></span> <span class='ocrx_word' id='word_1_181' title='bbox 1623 2957 1837 3019; x_wconf 88' lang='lat' dir='ltr'><strong>ludos:</strong></span> 
     </span>
     <span class='ocr_line' id='line_1_29' title="bbox 379 3056 2382 3145; baseline -0.004 -22"><span class='ocrx_word' id='word_1_182' title='bbox 379 3062 682 3128; x_wconf 85' lang='lat' dir='ltr'><strong>Conditor</strong></span> <span class='ocrx_word' id='word_1_183' title='bbox 706 3067 941 3129; x_wconf 88' lang='lat' dir='ltr'><strong>Iliados</strong></span> <span class='ocrx_word' id='word_1_184' title='bbox 969 3066 1322 3129; x_wconf 86' lang='lat' dir='ltr'><strong>cantabitur</strong></span> <span class='ocrx_word' id='word_1_185' title='bbox 1349 3074 1538 3145; x_wconf 90' lang='lat' dir='ltr'><strong>atque</strong></span> <span class='ocrx_word' id='word_1_186' title='bbox 1565 3056 1844 3120; x_wconf 88' lang='lat' dir='ltr'><strong>Maronis</strong></span> <span class='ocrx_word' id='word_1_187' title='bbox 2294 3063 2382 3108; x_wconf 84' lang='lat'><strong>18⁰</strong></span> 
     </span>
     <span class='ocr_line' id='line_1_30' title="bbox 376 3158 1865 3238; baseline -0.003 -16"><span class='ocrx_word' id='word_1_188' title='bbox 376 3164 651 3226; x_wconf 85' lang='lat' dir='ltr'><strong>Altisoni</strong></span> <span class='ocrx_word' id='word_1_189' title='bbox 680 3167 933 3227; x_wconf 85' lang='lat' dir='ltr'><strong>dubiam</strong></span> <span class='ocrx_word' id='word_1_190' title='bbox 960 3165 1249 3226; x_wconf 84' lang='lat' dir='ltr'><strong>facientia</strong></span> <span class='ocrx_word' id='word_1_191' title='bbox 1278 3161 1550 3224; x_wconf 87' lang='lat' dir='ltr'><strong>carmina</strong></span> <span class='ocrx_word' id='word_1_192' title='bbox 1575 3158 1865 3238; x_wconf 83' lang='lat' dir='ltr'><strong>palmam·</strong></span> 
     </span>
     <span class='ocr_line' id='line_1_31' title="bbox 379 3250 1887 3341; baseline -0.009 -18"><span class='ocrx_word' id='word_1_193' title='bbox 379 3263 550 3337; x_wconf 82' lang='lat' dir='ltr'><strong>Quid</strong></span> <span class='ocrx_word' id='word_1_194' title='bbox 579 3265 764 3326; x_wconf 82' lang='lat' dir='ltr'><strong>refert</strong></span> <span class='ocrx_word' id='word_1_195' title='bbox 792 3265 948 3325; x_wconf 84' lang='lat' dir='ltr'><strong>tales</strong></span> <span class='ocrx_word' id='word_1_196' title='bbox 976 3282 1189 3323; x_wconf 89' lang='lat' dir='ltr'><strong>versus</strong></span> <span class='ocrx_word' id='word_1_197' title='bbox 1218 3280 1340 3341; x_wconf 90' lang='lat' dir='ltr'><strong>qua</strong></span> <span class='ocrx_word' id='word_1_198' title='bbox 1369 3278 1522 3320; x_wconf 89' lang='lat' dir='ltr'><strong>voce</strong></span> <span class='ocrx_word' id='word_1_199' title='bbox 1551 3259 1839 3336; x_wconf 85' lang='lat' dir='ltr'><strong>legantur</strong></span> <span class='ocrx_word' id='word_1_200' title='bbox 1857 3250 1887 3310; x_wconf 72' lang='grc' dir='ltr'><strong>’Β</strong></span> 
     </span>
    </p>

    <p class='ocr_par' dir='ltr' id='par_1_3' title="bbox 378 3354 1905 3541">
     <span class='ocr_line' id='line_1_32' title="bbox 461 3354 1724 3436; baseline -0.008 -13"><span class='ocrx_word' id='word_1_201' title='bbox 461 3362 585 3423; x_wconf 90' lang='lat' dir='ltr'><strong>Sed</strong></span> <span class='ocrx_word' id='word_1_202' title='bbox 615 3381 780 3422; x_wconf 87' lang='lat' dir='ltr'><strong>nunc</strong></span> <span class='ocrx_word' id='word_1_203' title='bbox 808 3361 1015 3421; x_wconf 88' lang='lat' dir='ltr'><strong>dilatis</strong></span> <span class='ocrx_word' id='word_1_204' title='bbox 1045 3367 1254 3419; x_wconf 84' lang='lat' dir='ltr'><strong>averte</strong></span> <span class='ocrx_word' id='word_1_205' title='bbox 1281 3355 1536 3436; x_wconf 88' lang='lat' dir='ltr'><strong>negotia</strong></span> <span class='ocrx_word' id='word_1_206' title='bbox 1564 3354 1724 3415; x_wconf 86' lang='lat' dir='ltr'><strong>curis</strong></span> 
     </span>
     <span class='ocr_line' id='line_1_33' title="bbox 378 3447 1905 3541; baseline -0.009 -20"><span class='ocrx_word' id='word_1_207' title='bbox 378 3458 465 3521; x_wconf 85' lang='lat' dir='ltr'><strong>Et</strong></span> <span class='ocrx_word' id='word_1_208' title='bbox 492 3468 734 3541; x_wconf 83' lang='lat' dir='ltr'><strong>gratam</strong></span> <span class='ocrx_word' id='word_1_209' title='bbox 760 3457 1035 3538; x_wconf 88' lang='lat' dir='ltr'><strong>requiem</strong></span> <span class='ocrx_word' id='word_1_210' title='bbox 1063 3456 1229 3516; x_wconf 89' lang='lat' dir='ltr'><strong>dona</strong></span> <span class='ocrx_word' id='word_1_211' title='bbox 1255 3454 1390 3528; x_wconf 89' lang='lat' dir='ltr'><strong>tibi,</strong></span> <span class='ocrx_word' id='word_1_212' title='bbox 1418 3451 1666 3533; x_wconf 87' lang='lat' dir='ltr'><strong>quando</strong></span> <span class='ocrx_word' id='word_1_213' title='bbox 1693 3447 1905 3509; x_wconf 89' lang='lat' dir='ltr'><strong>licebit</strong></span> 
     </span>
    </p>
   </div>
  </div>
 </body>
</html>
