<?xml version="1.0" encoding="UTF-8"?>
<!DOCTYPE html PUBLIC "-//W3C//DTD XHTML 1.0 Transitional//EN"
    "http://www.w3.org/TR/xhtml1/DTD/xhtml1-transitional.dtd">
<html xmlns="http://www.w3.org/1999/xhtml" xml:lang="en" lang="en">
 <head>
  <title>
</title>
<meta http-equiv="Content-Type" content="text/html;charset=utf-8" />
  <meta name='ocr-system' content='tesseract 3.04.00' />
  <meta name='ocr-capabilities' content='ocr_page ocr_carea ocr_par ocr_line ocrx_word'/>
</head>
<body>
  <div class='ocr_page' id='page_1' title='image "./thirteensatires00unkngoog_0109.png"; bbox 0 0 2734 4017; ppageno 0'>
   <div class='ocr_carea' id='block_1_1' title="bbox 1150 220 2373 290">
    <p class='ocr_par' dir='ltr' id='par_1_1' title="bbox 1150 220 2373 290">
     <span class='ocr_line' id='line_1_1' title="bbox 1150 220 2373 290; baseline -0.006 0"><span class='ocrx_word' id='word_1_1' title='bbox 1150 239 1425 290; x_wconf 75' lang='lat' dir='ltr'><strong>sAmA</strong></span> <span class='ocrx_word' id='word_1_2' title='bbox 1467 239 1595 289; x_wconf 84' lang='lat' dir='ltr'><strong>xv.</strong></span> <span class='ocrx_word' id='word_1_3' title='bbox 2288 220 2373 284; x_wconf 79' lang='lat'><strong>93</strong></span> 
     </span>
    </p>
   </div>
   <div class='ocr_carea' id='block_1_2' title="bbox 349 405 2381 3507">
    <p class='ocr_par' dir='ltr' id='par_1_2' title="bbox 349 405 1955 489">
     <span class='ocr_line' id='line_1_2' title="bbox 349 405 1955 489; baseline -0.004 -18"><span class='ocrx_word' id='word_1_4' title='bbox 349 409 535 471; x_wconf 81' lang='lat' dir='ltr'><strong>Nam</strong></span> <span class='ocrx_word' id='word_1_5' title='bbox 559 410 786 472; x_wconf 88' lang='lat' dir='ltr'><strong>scelere</strong></span> <span class='ocrx_word' id='word_1_6' title='bbox 813 408 877 471; x_wconf 91' lang='lat' dir='ltr'><strong>in</strong></span> <span class='ocrx_word' id='word_1_7' title='bbox 905 416 1087 470; x_wconf 92' lang='lat' dir='ltr'><strong>tanto</strong></span> <span class='ocrx_word' id='word_1_8' title='bbox 1112 425 1193 469; x_wconf 89' lang='lat' dir='ltr'><strong>ne</strong></span> <span class='ocrx_word' id='word_1_9' title='bbox 1223 427 1481 489; x_wconf 80' lang='lat' dir='ltr'><strong>quaeras</strong></span> <span class='ocrx_word' id='word_1_10' title='bbox 1508 416 1573 468; x_wconf 90' lang='lat' dir='ltr'><strong>et</strong></span> <span class='ocrx_word' id='word_1_11' title='bbox 1601 405 1848 467; x_wconf 79' lang='lat' dir='ltr'><strong>dubites</strong></span> <span class='ocrx_word' id='word_1_12' title='bbox 1875 423 1955 466; x_wconf 88' lang='lat' dir='ltr'><strong>an</strong></span> 
     </span>
    </p>

    <p class='ocr_par' dir='ltr' id='par_1_3' title="bbox 353 504 2376 683">
     <span class='ocr_line' id='line_1_3' title="bbox 353 504 2376 587; baseline -0.001 -19"><span class='ocrx_word' id='word_1_13' title='bbox 353 507 578 568; x_wconf 87' lang='lat' dir='ltr'><strong>Prima</strong></span> <span class='ocrx_word' id='word_1_14' title='bbox 604 506 992 587; x_wconf 88' lang='lat' dir='ltr'><strong>voluptatem</strong></span> <span class='ocrx_word' id='word_1_15' title='bbox 1023 505 1171 585; x_wconf 88' lang='lat' dir='ltr'><strong>gula</strong></span> <span class='ocrx_word' id='word_1_16' title='bbox 1197 506 1492 579; x_wconf 82' lang='lat' dir='ltr'><strong>senserit3</strong></span> <span class='ocrx_word' id='word_1_17' title='bbox 1532 504 1789 564; x_wconf 89' lang='lat' dir='ltr'><strong>ultimus</strong></span> <span class='ocrx_word' id='word_1_18' title='bbox 1818 512 2031 564; x_wconf 89' lang='lat' dir='ltr'><strong>autem</strong></span> <span class='ocrx_word' id='word_1_19' title='bbox 2312 518 2376 565; x_wconf 86' lang='lat'><strong>90</strong></span> 
     </span>
     <span class='ocr_line' id='line_1_4' title="bbox 358 599 1909 683; baseline -0.003 -19"><span class='ocrx_word' id='word_1_20' title='bbox 358 605 494 677; x_wconf 84' lang='lat' dir='ltr'><strong>Qui</strong></span> <span class='ocrx_word' id='word_1_21' title='bbox 522 604 697 666; x_wconf 87' lang='lat' dir='ltr'><strong>stetit</strong></span> <span class='ocrx_word' id='word_1_22' title='bbox 727 604 1055 683; x_wconf 90' lang='lat' dir='ltr'><strong>absumpto</strong></span> <span class='ocrx_word' id='word_1_23' title='bbox 1072 601 1208 682; x_wconf 90' lang='lat' dir='ltr'><strong>jam</strong></span> <span class='ocrx_word' id='word_1_24' title='bbox 1235 610 1375 663; x_wconf 93' lang='lat' dir='ltr'><strong>toto</strong></span> <span class='ocrx_word' id='word_1_25' title='bbox 1403 619 1676 680; x_wconf 83' lang='lat' dir='ltr'><strong>corpore,</strong></span> <span class='ocrx_word' id='word_1_26' title='bbox 1703 599 1909 660; x_wconf 91' lang='lat' dir='ltr'><strong>ductis</strong></span> 
     </span>
    </p>

    <p class='ocr_par' dir='ltr' id='par_1_4' title="bbox 356 696 1965 780">
     <span class='ocr_line' id='line_1_5' title="bbox 356 696 1965 780; baseline -0.002 -18"><span class='ocrx_word' id='word_1_27' title='bbox 356 701 491 762; x_wconf 90' lang='lat' dir='ltr'><strong>Per</strong></span> <span class='ocrx_word' id='word_1_28' title='bbox 515 709 747 761; x_wconf 89' lang='lat' dir='ltr'><strong>terram</strong></span> <span class='ocrx_word' id='word_1_29' title='bbox 774 699 1005 780; x_wconf 91' lang='lat' dir='ltr'><strong>digitis,</strong></span> <span class='ocrx_word' id='word_1_30' title='bbox 1033 698 1267 778; x_wconf 91' lang='lat' dir='ltr'><strong>aliquid</strong></span> <span class='ocrx_word' id='word_1_31' title='bbox 1296 698 1377 758; x_wconf 92' lang='lat' dir='ltr'><strong>de</strong></span> <span class='ocrx_word' id='word_1_32' title='bbox 1406 696 1706 777; x_wconf 90' lang='lat' dir='ltr'><strong>sanguine</strong></span> <span class='ocrx_word' id='word_1_33' title='bbox 1732 706 1965 778; x_wconf 79' lang='lat' dir='ltr'><strong>gustat.</strong></span> 
     </span>
    </p>

    <p class='ocr_par' dir='ltr' id='par_1_5' title="bbox 360 793 1990 967">
     <span class='ocr_line' id='line_1_6' title="bbox 360 793 1990 872; baseline -0.002 -14"><span class='ocrx_word' id='word_1_34' title='bbox 360 797 703 872; x_wconf 81' lang='lat' dir='ltr'><strong>Vascones,</strong></span> <span class='ocrx_word' id='word_1_35' title='bbox 728 798 883 858; x_wconf 89' lang='lat' dir='ltr'><strong>haec</strong></span> <span class='ocrx_word' id='word_1_36' title='bbox 908 796 1073 856; x_wconf 88' lang='lat' dir='ltr'><strong>fama</strong></span> <span class='ocrx_word' id='word_1_37' title='bbox 1100 804 1214 870; x_wconf 86' lang='lat' dir='ltr'><strong>est,</strong></span> <span class='ocrx_word' id='word_1_38' title='bbox 1245 793 1555 855; x_wconf 80' lang='lat' dir='ltr'><strong>alimentis</strong></span> <span class='ocrx_word' id='word_1_39' title='bbox 1583 794 1812 856; x_wconf 90' lang='lat' dir='ltr'><strong>talibus</strong></span> <span class='ocrx_word' id='word_1_40' title='bbox 1840 796 1990 857; x_wconf 89' lang='lat' dir='ltr'><strong>olim</strong></span> 
     </span>
     <span class='ocr_line' id='line_1_7' title="bbox 361 890 1888 967; baseline -0.001 -12"><span class='ocrx_word' id='word_1_41' title='bbox 361 894 726 956; x_wconf 87' lang='lat' dir='ltr'><strong>Produxere</strong></span> <span class='ocrx_word' id='word_1_42' title='bbox 755 893 1025 967; x_wconf 86' lang='lat' dir='ltr'><strong>animas3</strong></span> <span class='ocrx_word' id='word_1_43' title='bbox 1065 892 1178 953; x_wconf 90' lang='lat' dir='ltr'><strong>sed</strong></span> <span class='ocrx_word' id='word_1_44' title='bbox 1204 911 1303 952; x_wconf 87' lang='lat' dir='ltr'><strong>res</strong></span> <span class='ocrx_word' id='word_1_45' title='bbox 1329 890 1592 966; x_wconf 80' lang='lat' dir='ltr'><strong>diversa,</strong></span> <span class='ocrx_word' id='word_1_46' title='bbox 1621 892 1732 953; x_wconf 86' lang='lat' dir='ltr'><strong>sed</strong></span> <span class='ocrx_word' id='word_1_47' title='bbox 1760 892 1888 955; x_wconf 90' lang='lat' dir='ltr'><strong>illic</strong></span> 
     </span>
    </p>

    <p class='ocr_par' dir='ltr' id='par_1_6' title="bbox 360 988 2378 1171">
     <span class='ocr_line' id='line_1_8' title="bbox 361 988 2378 1069; baseline -0.001 -17"><span class='ocrx_word' id='word_1_48' title='bbox 361 992 683 1053; x_wconf 82' lang='lat' dir='ltr'><strong>Fortunae</strong></span> <span class='ocrx_word' id='word_1_49' title='bbox 710 989 946 1050; x_wconf 89' lang='lat' dir='ltr'><strong>invidia</strong></span> <span class='ocrx_word' id='word_1_50' title='bbox 973 998 1069 1050; x_wconf 88' lang='lat' dir='ltr'><strong>est</strong></span> <span class='ocrx_word' id='word_1_51' title='bbox 1097 988 1524 1069; x_wconf 88' lang='lat' dir='ltr'><strong>bellorumque</strong></span> <span class='ocrx_word' id='word_1_52' title='bbox 1554 990 1794 1066; x_wconf 90' lang='lat' dir='ltr'><strong>ultima,</strong></span> <span class='ocrx_word' id='word_1_53' title='bbox 1820 1010 1997 1053; x_wconf 88' lang='lat' dir='ltr'><strong>casus</strong></span> <span class='ocrx_word' id='word_1_54' title='bbox 2312 1005 2378 1051; x_wconf 73' lang='lat'><strong>95</strong></span> 
     </span>
     <span class='ocr_line' id='line_1_9' title="bbox 360 1084 1739 1171; baseline 0 -22"><span class='ocrx_word' id='word_1_55' title='bbox 360 1087 668 1161; x_wconf 83' lang='lat' dir='ltr'><strong>Extremi,</strong></span> <span class='ocrx_word' id='word_1_56' title='bbox 696 1087 920 1167; x_wconf 89' lang='lat' dir='ltr'><strong>longae</strong></span> <span class='ocrx_word' id='word_1_57' title='bbox 948 1086 1083 1147; x_wconf 88' lang='lat' dir='ltr'><strong>dira</strong></span> <span class='ocrx_word' id='word_1_58' title='bbox 1109 1084 1450 1171; x_wconf 77' lang='lat' dir='ltr'><strong>obsidionis</strong></span> <span class='ocrx_word' id='word_1_59' title='bbox 1478 1097 1739 1168; x_wconf 88' lang='lat' dir='ltr'><strong>egestas.</strong></span> 
     </span>
    </p>

    <p class='ocr_par' dir='ltr' id='par_1_7' title="bbox 359 1182 2058 1364">
     <span class='ocr_line' id='line_1_10' title="bbox 360 1182 1979 1265; baseline 0.001 -19"><span class='ocrx_word' id='word_1_60' title='bbox 360 1185 571 1265; x_wconf 89' lang='lat' dir='ltr'><strong>Hujus</strong></span> <span class='ocrx_word' id='word_1_61' title='bbox 599 1182 766 1244; x_wconf 91' lang='lat' dir='ltr'><strong>enim</strong></span> <span class='ocrx_word' id='word_1_62' title='bbox 794 1183 963 1264; x_wconf 90' lang='lat' dir='ltr'><strong>quod</strong></span> <span class='ocrx_word' id='word_1_63' title='bbox 990 1201 1158 1243; x_wconf 90' lang='lat' dir='ltr'><strong>nunc</strong></span> <span class='ocrx_word' id='word_1_64' title='bbox 1186 1182 1393 1262; x_wconf 88' lang='lat' dir='ltr'><strong>agitur</strong></span> <span class='ocrx_word' id='word_1_65' title='bbox 1418 1184 1762 1246; x_wconf 90' lang='lat' dir='ltr'><strong>miserabile</strong></span> <span class='ocrx_word' id='word_1_66' title='bbox 1791 1185 1979 1247; x_wconf 91' lang='lat' dir='ltr'><strong>debet</strong></span> 
     </span>
     <span class='ocr_line' id='line_1_11' title="bbox 359 1279 2058 1364; baseline 0.001 -21"><span class='ocrx_word' id='word_1_67' title='bbox 359 1280 741 1361; x_wconf 80' lang='lat' dir='ltr'><strong>Exemplum</strong></span> <span class='ocrx_word' id='word_1_68' title='bbox 768 1299 902 1341; x_wconf 90' lang='lat' dir='ltr'><strong>esse</strong></span> <span class='ocrx_word' id='word_1_69' title='bbox 929 1279 1087 1354; x_wconf 84' lang='lat' dir='ltr'><strong>cibi3</strong></span> <span class='ocrx_word' id='word_1_70' title='bbox 1126 1280 1286 1341; x_wconf 90' lang='lat' dir='ltr'><strong>sicut</strong></span> <span class='ocrx_word' id='word_1_71' title='bbox 1314 1282 1504 1343; x_wconf 90' lang='lat' dir='ltr'><strong>modo</strong></span> <span class='ocrx_word' id='word_1_72' title='bbox 1531 1282 1701 1345; x_wconf 87' lang='lat' dir='ltr'><strong>dicta</strong></span> <span class='ocrx_word' id='word_1_73' title='bbox 1725 1283 1877 1343; x_wconf 92' lang='lat' dir='ltr'><strong>mihi</strong></span> <span class='ocrx_word' id='word_1_74' title='bbox 1901 1303 2058 1364; x_wconf 89' lang='lat' dir='ltr'><strong>gens</strong></span> 
     </span>
    </p>

    <p class='ocr_par' dir='ltr' id='par_1_8' title="bbox 359 1376 2377 1750">
     <span class='ocr_line' id='line_1_12' title="bbox 359 1376 2122 1461; baseline -0.001 -19"><span class='ocrx_word' id='word_1_75' title='bbox 359 1380 523 1442; x_wconf 90' lang='lat' dir='ltr'><strong>Post</strong></span> <span class='ocrx_word' id='word_1_76' title='bbox 551 1396 766 1439; x_wconf 88' lang='lat' dir='ltr'><strong>omnes</strong></span> <span class='ocrx_word' id='word_1_77' title='bbox 793 1376 1031 1451; x_wconf 82' lang='lat' dir='ltr'><strong>herbas,</strong></span> <span class='ocrx_word' id='word_1_78' title='bbox 1063 1386 1207 1457; x_wconf 86' lang='lat' dir='ltr'><strong>post</strong></span> <span class='ocrx_word' id='word_1_79' title='bbox 1235 1388 1460 1440; x_wconf 91' lang='lat' dir='ltr'><strong>cuncta</strong></span> <span class='ocrx_word' id='word_1_80' title='bbox 1487 1380 1790 1455; x_wconf 89' lang='lat' dir='ltr'><strong>animalia,</strong></span> <span class='ocrx_word' id='word_1_81' title='bbox 1819 1380 2122 1461; x_wconf 89' lang='lat' dir='ltr'><strong>quidquid</strong></span> 
     </span>
     <span class='ocr_line' id='line_1_13' title="bbox 362 1473 2377 1557; baseline -0.001 -18"><span class='ocrx_word' id='word_1_82' title='bbox 362 1475 650 1556; x_wconf 86' lang='lat' dir='ltr'><strong>Cogebat</strong></span> <span class='ocrx_word' id='word_1_83' title='bbox 677 1473 858 1535; x_wconf 88' lang='lat' dir='ltr'><strong>vacui</strong></span> <span class='ocrx_word' id='word_1_84' title='bbox 883 1475 1122 1536; x_wconf 84' lang='lat' dir='ltr'><strong>ventris</strong></span> <span class='ocrx_word' id='word_1_85' title='bbox 1149 1476 1334 1550; x_wconf 87' lang='lat' dir='ltr'><strong>furor,</strong></span> <span class='ocrx_word' id='word_1_86' title='bbox 1361 1476 1642 1537; x_wconf 90' lang='lat' dir='ltr'><strong>hostibus</strong></span> <span class='ocrx_word' id='word_1_87' title='bbox 1668 1476 1817 1557; x_wconf 91' lang='lat' dir='ltr'><strong>ipsis</strong></span> <span class='ocrx_word' id='word_1_88' title='bbox 2286 1491 2377 1537; x_wconf 97' lang='grc'><strong>100</strong></span> 
     </span>
     <span class='ocr_line' id='line_1_14' title="bbox 362 1570 2099 1650; baseline 0 -16"><span class='ocrx_word' id='word_1_89' title='bbox 362 1573 681 1634; x_wconf 89' lang='lat' dir='ltr'><strong>Pallorem</strong></span> <span class='ocrx_word' id='word_1_90' title='bbox 717 1590 790 1632; x_wconf 89' lang='lat' dir='ltr'><strong>ac</strong></span> <span class='ocrx_word' id='word_1_91' title='bbox 818 1570 1080 1632; x_wconf 81' lang='lat' dir='ltr'><strong>maciem</strong></span> <span class='ocrx_word' id='word_1_92' title='bbox 1109 1582 1174 1633; x_wconf 89' lang='lat' dir='ltr'><strong>et</strong></span> <span class='ocrx_word' id='word_1_93' title='bbox 1200 1581 1422 1634; x_wconf 88' lang='lat' dir='ltr'><strong>tenues</strong></span> <span class='ocrx_word' id='word_1_94' title='bbox 1447 1573 1882 1634; x_wconf 87' lang='lat' dir='ltr'><strong>miserantibus</strong></span> <span class='ocrx_word' id='word_1_95' title='bbox 1909 1583 2099 1650; x_wconf 86' lang='lat' dir='ltr'><strong>artus,</strong></span> 
     </span>
     <span class='ocr_line' id='line_1_15' title="bbox 361 1667 1839 1750; baseline 0.001 -19"><span class='ocrx_word' id='word_1_96' title='bbox 361 1668 652 1731; x_wconf 89' lang='lat' dir='ltr'><strong>Membra</strong></span> <span class='ocrx_word' id='word_1_97' title='bbox 679 1667 881 1729; x_wconf 89' lang='lat' dir='ltr'><strong>aliena</strong></span> <span class='ocrx_word' id='word_1_98' title='bbox 908 1668 1071 1730; x_wconf 86' lang='lat' dir='ltr'><strong>fame</strong></span> <span class='ocrx_word' id='word_1_99' title='bbox 1098 1670 1453 1732; x_wconf 81' lang='lat' dir='ltr'><strong>lacerabant</strong></span> <span class='ocrx_word' id='word_1_100' title='bbox 1479 1689 1610 1731; x_wconf 89' lang='lat' dir='ltr'><strong>esse</strong></span> <span class='ocrx_word' id='word_1_101' title='bbox 1638 1672 1839 1750; x_wconf 88' lang='lat' dir='ltr'><strong>parati</strong></span> 
     </span>
    </p>

    <p class='ocr_par' dir='ltr' id='par_1_9' title="bbox 363 1765 2338 1946">
     <span class='ocr_line' id='line_1_16' title="bbox 363 1765 2338 1849; baseline 0.001 -21"><span class='ocrx_word' id='word_1_102' title='bbox 363 1767 453 1828; x_wconf 90' lang='lat' dir='ltr'><strong>Et</strong></span> <span class='ocrx_word' id='word_1_103' title='bbox 480 1785 612 1828; x_wconf 90' lang='lat' dir='ltr'><strong>sua.</strong></span> <span class='ocrx_word' id='word_1_104' title='bbox 683 1765 989 1839; x_wconf 81' lang='lat' dir='ltr'><strong>Quisnam</strong></span> <span class='ocrx_word' id='word_1_105' title='bbox 1016 1767 1338 1829; x_wconf 89' lang='lat' dir='ltr'><strong>hominum</strong></span> <span class='ocrx_word' id='word_1_106' title='bbox 1364 1768 1614 1828; x_wconf 84' lang='lat' dir='ltr'><strong>veniam</strong></span> <span class='ocrx_word' id='word_1_107' title='bbox 1642 1769 1806 1844; x_wconf 88' lang='lat' dir='ltr'><strong>dare,</strong></span> <span class='ocrx_word' id='word_1_108' title='bbox 1836 1768 2051 1849; x_wconf 83' lang='lat' dir='ltr'><strong>quisve</strong></span> <span class='ocrx_word' id='word_1_109' title='bbox 2079 1768 2338 1830; x_wconf 90' lang='lat' dir='ltr'><strong>deorum</strong></span> 
     </span>
     <span class='ocr_line' id='line_1_17' title="bbox 364 1864 1884 1946; baseline -0.001 -19"><span class='ocrx_word' id='word_1_110' title='bbox 364 1865 625 1928; x_wconf 86' lang='lat' dir='ltr'><strong>Viribus</strong></span> <span class='ocrx_word' id='word_1_111' title='bbox 655 1864 943 1931; x_wconf 88' lang='lat' dir='ltr'><strong>abnuerit</strong></span> <span class='ocrx_word' id='word_1_112' title='bbox 972 1864 1107 1925; x_wconf 90' lang='lat' dir='ltr'><strong>dira</strong></span> <span class='ocrx_word' id='word_1_113' title='bbox 1139 1874 1326 1945; x_wconf 88' lang='lat' dir='ltr'><strong>atque</strong></span> <span class='ocrx_word' id='word_1_114' title='bbox 1352 1864 1647 1925; x_wconf 90' lang='lat' dir='ltr'><strong>immania</strong></span> <span class='ocrx_word' id='word_1_115' title='bbox 1671 1866 1884 1946; x_wconf 87' lang='lat' dir='ltr'><strong>passis,</strong></span> 
     </span>
    </p>

    <p class='ocr_par' dir='ltr' id='par_1_10' title="bbox 365 1961 2378 2143">
     <span class='ocr_line' id='line_1_18' title="bbox 365 1961 2378 2045; baseline -0.001 -20"><span class='ocrx_word' id='word_1_116' title='bbox 365 1964 454 2026; x_wconf 90' lang='lat' dir='ltr'><strong>Et</strong></span> <span class='ocrx_word' id='word_1_117' title='bbox 482 1963 707 2045; x_wconf 88' lang='lat' dir='ltr'><strong>quibus</strong></span> <span class='ocrx_word' id='word_1_118' title='bbox 736 1963 985 2027; x_wconf 89' lang='lat' dir='ltr'><strong>illorum</strong></span> <span class='ocrx_word' id='word_1_119' title='bbox 1013 1970 1301 2042; x_wconf 86' lang='lat' dir='ltr'><strong>poterant</strong></span> <span class='ocrx_word' id='word_1_120' title='bbox 1328 1961 1646 2042; x_wconf 86' lang='lat' dir='ltr'><strong>ignoscere</strong></span> <span class='ocrx_word' id='word_1_121' title='bbox 1674 1980 1888 2023; x_wconf 86' lang='lat' dir='ltr'><strong>manes</strong></span> <span class='ocrx_word' id='word_1_122' title='bbox 2284 1976 2378 2022; x_wconf 73' lang='lat'><strong>105</strong></span> 
     </span>
     <span class='ocr_line' id='line_1_19' title="bbox 370 2056 1971 2143; baseline -0.004 -16"><span class='ocrx_word' id='word_1_123' title='bbox 370 2066 654 2138; x_wconf 80' lang='lat' dir='ltr'><strong>Quorum</strong></span> <span class='ocrx_word' id='word_1_124' title='bbox 682 2060 1038 2143; x_wconf 88' lang='lat' dir='ltr'><strong>corporibus</strong></span> <span class='ocrx_word' id='word_1_125' title='bbox 1065 2059 1518 2120; x_wconf 82' lang='lat' dir='ltr'><strong>vescebantur?</strong></span> <span class='ocrx_word' id='word_1_126' title='bbox 1596 2056 1825 2120; x_wconf 88' lang='lat' dir='ltr'><strong>Melius</strong></span> <span class='ocrx_word' id='word_1_127' title='bbox 1854 2078 1971 2120; x_wconf 87' lang='lat' dir='ltr'><strong>nos</strong></span> 
     </span>
    </p>

    <p class='ocr_par' dir='ltr' id='par_1_11' title="bbox 367 2154 2260 2337">
     <span class='ocr_line' id='line_1_20' title="bbox 368 2154 2260 2244; baseline -0.004 -20"><span class='ocrx_word' id='word_1_128' title='bbox 368 2162 639 2224; x_wconf 88' lang='lat' dir='ltr'><strong>Zenonis</strong></span> <span class='ocrx_word' id='word_1_129' title='bbox 665 2166 998 2244; x_wconf 84' lang='lat' dir='ltr'><strong>praecepta</strong></span> <span class='ocrx_word' id='word_1_130' title='bbox 1027 2165 1319 2230; x_wconf 84' lang='lat' dir='ltr'><strong>monent3</strong></span> <span class='ocrx_word' id='word_1_131' title='bbox 1360 2175 1478 2216; x_wconf 90' lang='lat' dir='ltr'><strong>nec</strong></span> <span class='ocrx_word' id='word_1_132' title='bbox 1505 2154 1672 2217; x_wconf 90' lang='lat' dir='ltr'><strong>enim</strong></span> <span class='ocrx_word' id='word_1_133' title='bbox 1705 2156 1930 2230; x_wconf 88' lang='lat' dir='ltr'><strong>omnia,</strong></span> <span class='ocrx_word' id='word_1_134' title='bbox 1957 2157 2260 2235; x_wconf 85' lang='lat' dir='ltr'><strong>quaedam</strong></span> 
     </span>
     <span class='ocr_line' id='line_1_21' title="bbox 367 2252 1940 2337; baseline -0.006 -15"><span class='ocrx_word' id='word_1_135' title='bbox 367 2262 496 2325; x_wconf 93' lang='lat' dir='ltr'><strong>Pro</strong></span> <span class='ocrx_word' id='word_1_136' title='bbox 521 2262 657 2324; x_wconf 89' lang='lat' dir='ltr'><strong>vita</strong></span> <span class='ocrx_word' id='word_1_137' title='bbox 681 2257 966 2322; x_wconf 81' lang='lat' dir='ltr'><strong>facienda</strong></span> <span class='ocrx_word' id='word_1_138' title='bbox 991 2263 1192 2337; x_wconf 89' lang='lat' dir='ltr'><strong>putat.</strong></span> <span class='ocrx_word' id='word_1_139' title='bbox 1277 2252 1405 2314; x_wconf 86' lang='lat' dir='ltr'><strong>Sed</strong></span> <span class='ocrx_word' id='word_1_140' title='bbox 1435 2252 1748 2313; x_wconf 84' lang='lat' dir='ltr'><strong>Cantaber</strong></span> <span class='ocrx_word' id='word_1_141' title='bbox 1773 2253 1940 2313; x_wconf 89' lang='lat' dir='ltr'><strong>unde</strong></span> 
     </span>
    </p>

    <p class='ocr_par' dir='ltr' id='par_1_12' title="bbox 371 2347 1843 2436">
     <span class='ocr_line' id='line_1_22' title="bbox 371 2347 1843 2436; baseline -0.008 -14"><span class='ocrx_word' id='word_1_142' title='bbox 371 2360 635 2433; x_wconf 87' lang='lat' dir='ltr'><strong>Stoicus,</strong></span> <span class='ocrx_word' id='word_1_143' title='bbox 663 2355 904 2436; x_wconf 90' lang='lat' dir='ltr'><strong>antiqui</strong></span> <span class='ocrx_word' id='word_1_144' title='bbox 932 2350 1298 2435; x_wconf 86' lang='lat' dir='ltr'><strong>praesertim</strong></span> <span class='ocrx_word' id='word_1_145' title='bbox 1326 2357 1532 2410; x_wconf 88' lang='lat' dir='ltr'><strong>aetate</strong></span> <span class='ocrx_word' id='word_1_146' title='bbox 1559 2347 1843 2410; x_wconf 82' lang='lat' dir='ltr'><strong>Metelli?</strong></span> 
     </span>
    </p>

    <p class='ocr_par' dir='ltr' id='par_1_13' title="bbox 368 2446 2381 2618">
     <span class='ocr_line' id='line_1_23' title="bbox 368 2446 2381 2530; baseline -0.005 -11"><span class='ocrx_word' id='word_1_147' title='bbox 368 2458 557 2521; x_wconf 87' lang='lat' dir='ltr'><strong>Nunc</strong></span> <span class='ocrx_word' id='word_1_148' title='bbox 582 2469 756 2521; x_wconf 90' lang='lat' dir='ltr'><strong>totus</strong></span> <span class='ocrx_word' id='word_1_149' title='bbox 776 2456 993 2519; x_wconf 84' lang='lat' dir='ltr'><strong>Graias</strong></span> <span class='ocrx_word' id='word_1_150' title='bbox 1020 2462 1387 2530; x_wconf 87' lang='lat' dir='ltr'><strong>nostrasque</strong></span> <span class='ocrx_word' id='word_1_151' title='bbox 1414 2448 1603 2508; x_wconf 88' lang='lat' dir='ltr'><strong>habet</strong></span> <span class='ocrx_word' id='word_1_152' title='bbox 1631 2446 1795 2508; x_wconf 89' lang='lat' dir='ltr'><strong>orbis</strong></span> <span class='ocrx_word' id='word_1_153' title='bbox 1819 2448 2123 2509; x_wconf 89' lang='lat' dir='ltr'><strong>Athenas.</strong></span> <span class='ocrx_word' id='word_1_154' title='bbox 2286 2464 2381 2509; x_wconf 90' lang='grc'><strong>110</strong></span> 
     </span>
     <span class='ocr_line' id='line_1_24' title="bbox 369 2543 1854 2618; baseline -0.009 0"><span class='ocrx_word' id='word_1_155' title='bbox 369 2556 571 2617; x_wconf 86' lang='lat' dir='ltr'><strong>Gallia</strong></span> <span class='ocrx_word' id='word_1_156' title='bbox 597 2555 937 2617; x_wconf 86' lang='lat' dir='ltr'><strong>causidicos</strong></span> <span class='ocrx_word' id='word_1_157' title='bbox 968 2552 1182 2614; x_wconf 88' lang='lat' dir='ltr'><strong>docuit</strong></span> <span class='ocrx_word' id='word_1_158' title='bbox 1210 2546 1478 2608; x_wconf 86' lang='lat' dir='ltr'><strong>facunda</strong></span> <span class='ocrx_word' id='word_1_159' title='bbox 1504 2543 1854 2618; x_wconf 90' lang='lat' dir='ltr'><strong>Britannos,</strong></span> 
     </span>
    </p>

    <p class='ocr_par' dir='ltr' id='par_1_14' title="bbox 368 2639 1878 2733">
     <span class='ocr_line' id='line_1_25' title="bbox 368 2639 1878 2733; baseline -0.003 -20"><span class='ocrx_word' id='word_1_160' title='bbox 368 2651 467 2713; x_wconf 91' lang='lat' dir='ltr'><strong>De</strong></span> <span class='ocrx_word' id='word_1_161' title='bbox 496 2653 900 2715; x_wconf 91' lang='lat' dir='ltr'><strong>conducendo</strong></span> <span class='ocrx_word' id='word_1_162' title='bbox 926 2652 1202 2733; x_wconf 89' lang='lat' dir='ltr'><strong>loquitur</strong></span> <span class='ocrx_word' id='word_1_163' title='bbox 1217 2650 1355 2731; x_wconf 86' lang='lat' dir='ltr'><strong>jam</strong></span> <span class='ocrx_word' id='word_1_164' title='bbox 1385 2644 1631 2704; x_wconf 79' lang='lat' dir='ltr'><strong>rhetore</strong></span> <span class='ocrx_word' id='word_1_165' title='bbox 1658 2639 1878 2702; x_wconf 81' lang='lat' dir='ltr'><strong>Thule·</strong></span> 
     </span>
    </p>

    <p class='ocr_par' dir='ltr' id='par_1_15' title="bbox 368 2738 2043 2829">
     <span class='ocr_line' id='line_1_26' title="bbox 368 2738 2043 2829; baseline -0.008 -19"><span class='ocrx_word' id='word_1_166' title='bbox 368 2749 616 2811; x_wconf 88' lang='lat' dir='ltr'><strong>Nobilis</strong></span> <span class='ocrx_word' id='word_1_167' title='bbox 642 2750 745 2810; x_wconf 91' lang='lat' dir='ltr'><strong>ille</strong></span> <span class='ocrx_word' id='word_1_168' title='bbox 772 2758 983 2810; x_wconf 88' lang='lat' dir='ltr'><strong>tamen</strong></span> <span class='ocrx_word' id='word_1_169' title='bbox 1013 2748 1279 2829; x_wconf 89' lang='lat' dir='ltr'><strong>populus</strong></span> <span class='ocrx_word' id='word_1_170' title='bbox 1308 2763 1496 2826; x_wconf 91' lang='lat' dir='ltr'><strong>quem</strong></span> <span class='ocrx_word' id='word_1_171' title='bbox 1527 2738 1810 2813; x_wconf 85' lang='lat' dir='ltr'><strong>diximus,</strong></span> <span class='ocrx_word' id='word_1_172' title='bbox 1838 2748 1904 2800; x_wconf 92' lang='lat' dir='ltr'><strong>et</strong></span> <span class='ocrx_word' id='word_1_173' title='bbox 1928 2757 2043 2820; x_wconf 89' lang='lat' dir='ltr'><strong>par</strong></span> 
     </span>
    </p>

    <p class='ocr_par' dir='ltr' id='par_1_16' title="bbox 368 2837 1914 2927">
     <span class='ocr_line' id='line_1_27' title="bbox 368 2837 1914 2927; baseline -0.007 -20"><span class='ocrx_word' id='word_1_174' title='bbox 368 2846 627 2908; x_wconf 86' lang='lat' dir='ltr'><strong>Virtute</strong></span> <span class='ocrx_word' id='word_1_175' title='bbox 656 2855 843 2927; x_wconf 92' lang='lat' dir='ltr'><strong>atque</strong></span> <span class='ocrx_word' id='word_1_176' title='bbox 869 2846 994 2907; x_wconf 90' lang='lat' dir='ltr'><strong>fide</strong></span> <span class='ocrx_word' id='word_1_177' title='bbox 1022 2846 1133 2908; x_wconf 89' lang='lat' dir='ltr'><strong>sed</strong></span> <span class='ocrx_word' id='word_1_178' title='bbox 1160 2845 1359 2926; x_wconf 88' lang='lat' dir='ltr'><strong>major</strong></span> <span class='ocrx_word' id='word_1_179' title='bbox 1390 2841 1567 2903; x_wconf 90' lang='lat' dir='ltr'><strong>clade</strong></span> <span class='ocrx_word' id='word_1_180' title='bbox 1599 2837 1914 2917; x_wconf 86' lang='lat' dir='ltr'><strong>Saguntus</strong></span> 
     </span>
    </p>

    <p class='ocr_par' dir='ltr' id='par_1_17' title="bbox 370 2938 2378 3120">
     <span class='ocr_line' id='line_1_28' title="bbox 370 2938 2378 3024; baseline -0.004 -22"><span class='ocrx_word' id='word_1_181' title='bbox 370 2942 524 3004; x_wconf 87' lang='lat' dir='ltr'><strong>Tale</strong></span> <span class='ocrx_word' id='word_1_182' title='bbox 554 2943 702 3024; x_wconf 93' lang='lat' dir='ltr'><strong>quid</strong></span> <span class='ocrx_word' id='word_1_183' title='bbox 732 2950 1002 3004; x_wconf 88' lang='lat' dir='ltr'><strong>excusat.</strong></span> <span class='ocrx_word' id='word_1_184' title='bbox 1084 2941 1403 3004; x_wconf 90' lang='lat' dir='ltr'><strong>Maeotide</strong></span> <span class='ocrx_word' id='word_1_185' title='bbox 1433 2938 1675 3003; x_wconf 84' lang='lat' dir='ltr'><strong>saevior</strong></span> <span class='ocrx_word' id='word_1_186' title='bbox 1701 2954 1808 2995; x_wconf 86' lang='lat' dir='ltr'><strong>ara</strong></span> <span class='ocrx_word' id='word_1_187' title='bbox 2284 2949 2378 2995; x_wconf 80' lang='lat'><strong>115</strong></span> 
     </span>
     <span class='ocr_line' id='line_1_29' title="bbox 370 3031 1900 3120; baseline -0.003 -22"><span class='ocrx_word' id='word_1_188' title='bbox 370 3038 740 3120; x_wconf 83' lang='lat' dir='ltr'><strong>Aegyptus3</strong></span> <span class='ocrx_word' id='word_1_189' title='bbox 781 3039 1011 3120; x_wconf 91' lang='lat' dir='ltr'><strong>quippe</strong></span> <span class='ocrx_word' id='word_1_190' title='bbox 1037 3039 1145 3099; x_wconf 90' lang='lat' dir='ltr'><strong>illa</strong></span> <span class='ocrx_word' id='word_1_191' title='bbox 1172 3039 1424 3100; x_wconf 88' lang='lat' dir='ltr'><strong>nefandi</strong></span> <span class='ocrx_word' id='word_1_192' title='bbox 1452 3038 1716 3100; x_wconf 87' lang='lat' dir='ltr'><strong>Taurica</strong></span> <span class='ocrx_word' id='word_1_193' title='bbox 1743 3031 1900 3096; x_wconf 90' lang='lat' dir='ltr'><strong>sacri</strong></span> 
     </span>
    </p>

    <p class='ocr_par' dir='ltr' id='par_1_18' title="bbox 370 3130 2062 3217">
     <span class='ocr_line' id='line_1_30' title="bbox 370 3130 2062 3217; baseline -0.004 -21"><span class='ocrx_word' id='word_1_194' title='bbox 370 3134 698 3197; x_wconf 86' lang='lat' dir='ltr'><strong>Inventrix</strong></span> <span class='ocrx_word' id='word_1_195' title='bbox 723 3135 1004 3198; x_wconf 90' lang='lat' dir='ltr'><strong>homines</strong></span> <span class='ocrx_word' id='word_1_196' title='bbox 1038 3135 1139 3212; x_wconf 90' lang='lat' dir='ltr'><strong>(ut</strong></span> <span class='ocrx_word' id='word_1_197' title='bbox 1154 3136 1291 3216; x_wconf 85' lang='lat' dir='ltr'><strong>jam</strong></span> <span class='ocrx_word' id='word_1_198' title='bbox 1317 3156 1476 3217; x_wconf 87' lang='lat' dir='ltr'><strong>quae</strong></span> <span class='ocrx_word' id='word_1_199' title='bbox 1505 3135 1776 3197; x_wconf 89' lang='lat' dir='ltr'><strong>carmina</strong></span> <span class='ocrx_word' id='word_1_200' title='bbox 1801 3130 2062 3195; x_wconf 91' lang='lat' dir='ltr'><strong>tradunt</strong></span> 
     </span>
    </p>

    <p class='ocr_par' dir='ltr' id='par_1_19' title="bbox 372 3223 2111 3313">
     <span class='ocr_line' id='line_1_31' title="bbox 372 3223 2111 3313; baseline 0.001 -22"><span class='ocrx_word' id='word_1_201' title='bbox 372 3231 584 3313; x_wconf 85' lang='lat' dir='ltr'><strong>Digna</strong></span> <span class='ocrx_word' id='word_1_202' title='bbox 609 3232 735 3292; x_wconf 87' lang='lat' dir='ltr'><strong>fide</strong></span> <span class='ocrx_word' id='word_1_203' title='bbox 763 3232 1005 3312; x_wconf 91' lang='lat' dir='ltr'><strong>credas)</strong></span> <span class='ocrx_word' id='word_1_204' title='bbox 1037 3239 1280 3294; x_wconf 89' lang='lat' dir='ltr'><strong>tantum</strong></span> <span class='ocrx_word' id='word_1_205' title='bbox 1308 3232 1608 3307; x_wconf 86' lang='lat' dir='ltr'><strong>immolat,</strong></span> <span class='ocrx_word' id='word_1_206' title='bbox 1638 3232 1897 3294; x_wconf 91' lang='lat' dir='ltr'><strong>ulterius</strong></span> <span class='ocrx_word' id='word_1_207' title='bbox 1924 3231 2014 3292; x_wconf 91' lang='lat' dir='ltr'><strong>nil</strong></span> <span class='ocrx_word' id='word_1_208' title='bbox 2108 3223 2111 3224; x_wconf 36' lang='lat'><em>⁷</em></span> 
     </span>
    </p>

    <p class='ocr_par' dir='ltr' id='par_1_20' title="bbox 371 3327 2379 3507">
     <span class='ocr_line' id='line_1_32' title="bbox 371 3327 2136 3408; baseline 0.002 -20"><span class='ocrx_word' id='word_1_209' title='bbox 371 3328 508 3389; x_wconf 88' lang='lat' dir='ltr'><strong>Aut</strong></span> <span class='ocrx_word' id='word_1_210' title='bbox 537 3327 787 3408; x_wconf 88' lang='lat' dir='ltr'><strong>gravius</strong></span> <span class='ocrx_word' id='word_1_211' title='bbox 814 3328 1014 3389; x_wconf 88' lang='lat' dir='ltr'><strong>cultro</strong></span> <span class='ocrx_word' id='word_1_212' title='bbox 1042 3327 1225 3391; x_wconf 88' lang='lat' dir='ltr'><strong>timet</strong></span> <span class='ocrx_word' id='word_1_213' title='bbox 1250 3329 1474 3390; x_wconf 86' lang='lat' dir='ltr'><strong>hostia.</strong></span> <span class='ocrx_word' id='word_1_214' title='bbox 1556 3329 1711 3402; x_wconf 82' lang='lat' dir='ltr'><strong>Quis</strong></span> <span class='ocrx_word' id='word_1_215' title='bbox 1740 3331 1931 3392; x_wconf 91' lang='lat' dir='ltr'><strong>modo</strong></span> <span class='ocrx_word' id='word_1_216' title='bbox 1959 3349 2136 3392; x_wconf 91' lang='lat' dir='ltr'><strong>casus</strong></span> 
     </span>
     <span class='ocr_line' id='line_1_33' title="bbox 373 3424 2379 3507; baseline -0.001 -23"><span class='ocrx_word' id='word_1_217' title='bbox 373 3424 635 3506; x_wconf 90' lang='lat' dir='ltr'><strong>Impulit</strong></span> <span class='ocrx_word' id='word_1_218' title='bbox 660 3424 775 3485; x_wconf 91' lang='lat' dir='ltr'><strong>hos</strong></span> <span class='ocrx_word' id='word_1_219' title='bbox 790 3425 820 3485; x_wconf 72' lang='grc' dir='ltr'><strong>ἰ’</strong></span> <span class='ocrx_word' id='word_1_220' title='bbox 860 3443 1017 3505; x_wconf 89' lang='lat' dir='ltr'><strong>quae</strong></span> <span class='ocrx_word' id='word_1_221' title='bbox 1045 3432 1223 3486; x_wconf 89' lang='lat' dir='ltr'><strong>tanta</strong></span> <span class='ocrx_word' id='word_1_222' title='bbox 1248 3425 1441 3486; x_wconf 84' lang='lat' dir='ltr'><strong>fames</strong></span> <span class='ocrx_word' id='word_1_223' title='bbox 1467 3424 1809 3507; x_wconf 88' lang='lat' dir='ltr'><strong>infestaque</strong></span> <span class='ocrx_word' id='word_1_224' title='bbox 1838 3427 2003 3488; x_wconf 89' lang='lat' dir='ltr'><strong>vallo</strong></span> <span class='ocrx_word' id='word_1_225' title='bbox 2287 3434 2379 3482; x_wconf 82' lang='lat'><strong>120</strong></span> 
     </span>
    </p>
   </div>
  </div>
 </body>
</html>
