2734 4017
1146 218 1423 269 sA'rmA
1467 220 1631 267 xm.
2300 199 2384 267 ⁷3

368 381 577 473 Atque
606 390 748 452 ideo
776 388 1072 469 intrepidi
1102 407 1504 469 quaecunque
1535 386 1751 448 altaria
1777 395 2063 469 tangunt.

363 490 478 552 Est
507 490 666 551 alius
694 497 980 549 metuens
1010 506 1089 547 ne
1118 485 1348 548 crimen
1382 505 1586 566 poena
1614 496 1939 566 sequatur3
2318 498 2385 546 90

362 588 486 650 Hic
512 595 699 668 putat
729 605 862 647 esse
893 585 1044 645 deos
1072 592 1139 644 et
1166 584 1424 664 pejerat,
1457 593 1643 665 atque
1670 584 1760 645 ita
1787 604 2030 645 secum:

361 693 394 722 “
411 685 730 747 Decernat
758 683 1173 765 quodcunque
1203 682 1376 743 volet
1405 683 1485 743 de
1514 701 1767 763 corpore
1806 692 2020 743 nostro

359 782 477 844 Isis
504 791 573 844 et
598 783 758 844 irato
784 781 965 843 feriat
991 801 1132 843 mea
1158 780 1395 841 lumina
1421 780 1621 855 sistr0,

350 879 724 941 Dummodo
751 881 854 940 vel
880 899 1103 941 caecus
1143 888 1394 941 teneam
1423 899 1578 960 quos
1606 879 1846 959 abnego
1873 898 2176 940 nummos.

359 976 446 1038 Et
472 976 742 1059 phthisis
769 986 834 1038 et
859 974 1140 1039 vomicae
1167 987 1383 1058 putres
1411 986 1476 1038 et
1505 977 1831 1038 dimidium
1860 996 1999 1037 crus
2317 991 2381 1038 95

362 1074 527 1135 Sunt
554 1074 734 1135 tanti.
814 1074 1066 1155 Pauper
1091 1074 1469 1155 locupletem
1499 1085 1714 1156 optare
1741 1073 2084 1156 podagram

360 1171 502 1232 Nec
530 1171 779 1232 dubitet
807 1171 1030 1247 Ladas,
1058 1172 1109 1233 si
1138 1192 1263 1233 non
1294 1182 1441 1253 eget
1468 1172 1776 1252 Anticyra
1801 1191 1919 1232 nec

360 1269 738 1350 Archigene.
822 1269 991 1342 Quid
1021 1270 1188 1330 enim
1214 1271 1446 1331 velocis
1472 1270 1672 1351 gloria
1698 1270 1949 1350 plantae

362 1366 657 1428 Praestat
683 1376 749 1427 et
776 1368 1051 1428 esuriens
1079 1367 1339 1429 Pisaeae
1366 1386 1575 1428 ramus
1604 1367 1803 1428 olivae
1820 1368 1851 1428 ⁴?

362 1462 461 1524 Ut
490 1462 573 1523 sit
599 1482 826 1544 magna
850 1474 1063 1525 tamen
1092 1474 1261 1525 certe
1288 1465 1462 1524 lenta
1489 1464 1581 1524 ira
1609 1464 1867 1525 deorum
1894 1473 2008 1525 est.
2291 1478 2380 1525 100

365 1560 434 1622 Si
462 1569 683 1622 curant
709 1561 899 1642 igitur
926 1570 1185 1622 cunctos
1212 1561 1434 1642 punire
1461 1570 1757 1622 nocentes

365 1657 636 1730 Quando
664 1659 745 1719 ad
770 1680 873 1720 me
899 1660 1158 1720 venient
1175 1659 1205 1719 ’Β
1246 1660 1356 1720 sed
1386 1669 1451 1720 et
1480 1658 1789 1720 exorabile
1817 1679 2046 1721 numen

364 1755 657 1816 Fortasse
685 1756 997 1836 experiar3
1039 1757 1199 1817 solet
1226 1756 1323 1817 his
1349 1756 1685 1836 ignoscere.
1766 1754 1957 1816 Multi

366 1851 787 1914 Committunt
816 1852 1038 1913 eadem
1065 1852 1313 1914 diverso
1343 1853 1602 1914 crimina
1628 1852 1797 1928 fat03

363 1949 478 2010 Ille
508 1969 752 2011 crucem
781 1950 1027 2012 sceleris
1054 1949 1326 2031 pretium
1353 1949 1519 2024 tulit,
1548 1949 1648 2010 hic
1677 1950 2014 2012 diadema.”
2279 1965 2373 2012 105

367 2046 472 2107 Sic
497 2046 772 2107 animum
801 2047 972 2108 dirae
999 2046 1317 2126 trepidum
1345 2046 1672 2107 formidine
1700 2048 1916 2127 culpae

366 2142 768 2206 Confirmant.
850 2143 1030 2205 Tunc
1056 2152 1123 2204 te
1152 2163 1324 2205 sacra
1354 2143 1435 2203 ad
1464 2142 1723 2204 delubra
1748 2154 2077 2206 vocantem

362 2240 709 2315 Praecedit,
736 2242 982 2302 trahere
1011 2241 1204 2303 immo
1234 2243 1402 2302 ultro
1432 2260 1505 2302 ac
1533 2261 1759 2302 vexare
1785 2251 2054 2322 paratus.

360 2335 531 2398 Nam
557 2357 749 2418 quum
776 2356 1004 2418 magna
1030 2337 1230 2398 malae
1260 2347 1541 2418 superest
1571 2338 1829 2398 audacia
1855 2358 2092 2413 causae,

364 2434 656 2496 Creditur
683 2455 720 2496 a
746 2436 960 2496 multis
987 2435 1230 2497 fiducia.
1314 2434 1579 2495 Mimum
1610 2435 1741 2516 agit
1768 2435 1890 2509 ille,
2280 2452 2371 2497 110

360 2531 608 2593 Urbani
633 2533 880 2612 qualem
907 2532 1210 2612 fugitivus
1240 2552 1450 2593 scurra
1481 2532 1729 2595 Catulli.

361 2627 462 2688 Tu
488 2627 674 2688 miser
701 2629 1009 2691 exclamas
1037 2641 1110 2692 ut
1141 2630 1439 2692 Stentora
1468 2631 1715 2691 vincere
1743 2631 1957 2711 possis,

359 2724 485 2786 Vel
512 2724 722 2805 potius
750 2736 1052 2806 quantum
1081 2728 1395 2789 Gradivus
1424 2727 1829 2789 Homericus:
1869 2735 1904 2765 “
1923 2726 2143 2800 Audis,

358 2821 404 2883 J
404 2822 667 2903 uppiter,
693 2823 847 2885 haec
874 2844 991 2886 nec
1017 2826 1190 2886 labra
1215 2846 1447 2901 moves,
1477 2838 1668 2906 quum
1696 2824 1943 2885 mittere
1970 2843 2190 2884 vocem

359 2917 682 2980 Debueras
710 2921 812 2981 vel
837 2941 1219 2984 marmoreus
1245 2923 1346 2984 vel
1378 2942 1604 2984 aeneus
1622 2922 1653 2981 ‘c'
1693 2931 1800 2982 aut
1829 2940 1938 2981 cur
2274 2935 2368 2981 115

360 3014 441 3076 In
470 3016 736 3077 carbone
763 3026 877 3080 tuo
905 3020 1121 3080 charta
1147 3020 1252 3100 pia
1279 3028 1421 3081 tura
1448 3020 1651 3081 soluta

360 3112 662 3175 Ponimus
689 3122 754 3175 et
781 3124 1021 3176 sectum
1047 3115 1233 3177 vituli
1264 3117 1444 3197 jecur
1472 3116 1731 3196 albaque
1759 3114 1928 3194 porci

282 3245 289 3252 ·
362 3208 634 3270 Omenta
652 3211 681 3270 ⁶?
762 3210 861 3273 Ut
888 3211 1090 3288 vide0‚
1119 3213 1360 3273 nullum
1390 3212 1715 3272 discrimen
1742 3210 2096 3271 habendum
2125 3220 2219 3270 est

359 3304 613 3386 Effigies
639 3307 803 3368 inter
827 3316 1067 3369 vestras
1093 3317 1486 3389 statuamque
1507 3305 1805 3388 Vagelli.”
