2734 4017
352 202 435 265 48
947 219 1019 264 n.
1068 218 1273 265 amm
1317 218 1729 267 JUVENALIS

351 384 674 461 Invidiae3
715 386 941 466 mergit
970 385 1159 465 longa
1190 394 1377 465 atque
1406 385 1665 465 insignis
1694 388 1998 447 honorum

352 482 624 561 Pagina3
667 483 1053 544 descendunt
1083 494 1325 543 statuae
1356 494 1707 563 restemque
1737 495 2097 565 sequuntur.

354 579 527 660 Ipsas
555 580 779 641 deinde
811 590 978 640 rotas
1006 579 1289 660 bigarum
1317 580 1590 660 impacta
1617 582 1846 643 securis

355 677 594 751 Caedit,
624 686 689 738 et
716 676 1040 737 immeritis
1070 676 1440 757 franguntur
1471 698 1648 739 crura
1675 679 1942 740 caballis.
2302 694 2374 740 60

349 775 394 837 J
396 793 494 834 am
524 774 796 834 stridunt
830 774 1025 854 igneS,
1046 774 1179 853 jam
1211 774 1460 836 follibus
1492 786 1677 856 atque
1708 778 1965 837 caminis

352 870 556 931 Ardet
585 872 910 932 adoratum
938 871 1169 951 populo
1200 883 1406 952 caput,
1436 884 1502 933 et
1529 884 1741 955 crepat
1768 875 1985 955 ingens

355 968 649 1047 Sejanus:
691 968 915 1028 deinde
942 988 1024 1028 ex
1052 968 1205 1028 facie
1235 979 1374 1030 toto
1405 972 1552 1032 orbe
1582 971 1852 1032 secunda

354 1065 547 1126 Fiunt
577 1065 821 1139 urceoli,
851 1066 1079 1144 pelveS,
1109 1075 1373 1147 sartago,
1399 1070 1686 1148 patellae.

353 1163 531 1224 Pone
560 1162 731 1223 domi
757 1163 978 1238 lauros,
1009 1163 1130 1224 duc
1157 1165 1222 1224 in
1255 1165 1564 1245 Capitolia
1590 1186 1886 1247 magnum
2303 1180 2370 1224 65

359 1263 804 1340 Cretatumque
833 1260 1058 1320 bovem
1084 1281 1098 1321 ε
1144 1260 1405 1341 Sejanus
1435 1262 1683 1323 ducitur
1708 1283 1869 1324 unco

358 1358 779 1440 Spectandus:
821 1357 1099 1437 gaudent
1128 1379 1357 1420 omnes.
1442 1367 1478 1397 “
1501 1360 1678 1433 Quae
1705 1361 1912 1422 labra!
1957 1359 2091 1439 quis
2118 1358 2209 1418 illi

355 1457 590 1517 Vultus
619 1454 786 1515 erat!
831 1475 1165 1536 nunquam,
1195 1456 1247 1517 si
1276 1456 1426 1537 quid
1456 1457 1609 1517 mihi
1636 1458 1851 1533 crediS,
1881 1456 2079 1517 amavi

356 1553 547 1614 Hunc
574 1554 925 1628 hominem;
968 1554 1076 1613 sed
1107 1573 1231 1633 quo
1261 1554 1486 1614 cecidit
1514 1555 1628 1614 sub
1657 1555 1910 1615 crimine
1931 1556 1960 1614 Ρ
2001 1558 2279 1637 quisnam

359 1651 617 1712 Delator
635 1651 666 1710 Ῥ
716 1651 938 1731 quibus
966 1650 1227 1724 indiciis,
1258 1669 1381 1730 quo
1403 1660 1565 1710 teste
1594 1652 1881 1731 probavit
1899 1653 1930 1712 ⁴?
1949 1652 1983 1682 ”
2308 1671 2369 1716 70

359 1756 395 1787 ‘⁶
415 1749 525 1810 Nil
554 1750 773 1809 horum
797 1768 813 1809 t
854 1749 1116 1809 verbosa
1144 1756 1209 1807 et
1236 1748 1489 1827 grandis
1517 1748 1778 1827 epistola
1804 1751 1978 1810 venit
2207 1801 2214 1807 .

357 1849 420 1907 A
453 1844 757 1928 Capreis.'’
829 1853 864 1883 ‘⁴
885 1845 1060 1906 Bene
1088 1845 1311 1921 habet3
1353 1844 1446 1905 nil
1470 1845 1610 1924 plus
1637 1845 2004 1927 interrogo.’'
2073 1847 2196 1908 Sed
2221 1850 2370 1929 quid

358 1945 570 2006 Turba
598 1944 832 2005 Remi?
916 1943 1210 2024 Sequitur
1236 1942 1549 2003 fortunam
1578 1952 1649 2003 ut
1677 1963 1934 2024 semper,
1963 1952 2029 2006 et
2057 1945 2191 2006 odit

358 2043 723 2103 Damnatos.
804 2040 986 2101 Idem
1013 2041 1295 2119 populus,
1325 2040 1377 2100 si
1408 2039 1636 2100 Nurtia
1664 2039 1868 2101 Tusco

360 2140 663 2214 Favisset,
693 2138 745 2200 si
775 2158 1066 2218 oppressa
1094 2138 1254 2197 foret
1283 2157 1497 2197 secura
1526 2147 1807 2198 senectus
2308 2155 2370 2199 75

361 2237 685 2317 Principia
716 2237 832 2296 hac
860 2236 993 2314 ipsa
1023 2234 1316 2314 Sejanum
1349 2234 1585 2295 diceret
1613 2234 1766 2295 hora

361 2336 737 2415 Augustum.
816 2333 859 2394 J
862 2352 961 2392 am
988 2333 1248 2413 pridem,
1281 2351 1358 2392 ex
1388 2351 1511 2412 quo
1541 2331 1826 2411 suffragia
1852 2331 2003 2392 nulli

362 2432 731 2505 VendimuS,
763 2429 981 2489 effudit
1011 2449 1204 2489 curas.
1286 2429 1455 2489 Nam
1484 2428 1591 2508 qui
1618 2429 1809 2489 dabat
1838 2429 1984 2489 olim

362 2529 719 2610 Imperium,
747 2527 958 2598 fasceS,
990 2527 1281 2606 legiones,
1305 2526 1530 2600 omnia,
1561 2545 1725 2586 nunc
1753 2545 1817 2587 se

365 2626 664 2690 Continet
693 2635 878 2703 atque
909 2623 1063 2684 duas
1093 2634 1337 2683 tantum
1367 2644 1467 2684 res
1496 2622 1714 2683 anxius
1742 2631 1937 2703 optat,
2313 2638 2374 2683 80

363 2724 603 2785 Panem
631 2731 696 2783 et
725 2722 1063 2783 Circenses.
1147 2727 1182 2758 ‘⁴
1205 2719 1525 2781 Perituros
1564 2720 1749 2780 audio
1776 2719 2055 2781 multos?

365 2829 399 2860 “
416 2822 526 2882 Nil
557 2820 847 2880 dubium:
891 2837 1119 2898 magna
1147 2828 1242 2879 est
1270 2818 1623 2879 fornacula:
1667 2818 1999 2898 pallidulus
2025 2817 2113 2878 mi

367 2919 692 2980 Brutidius
720 2929 895 2977 meus
926 2915 1005 2974 ad
1035 2914 1255 2975 Martis
1283 2915 1404 2976 fuit
1433 2916 1653 2976 obvius
1684 2935 1869 2976 aram.

369 3015 574 3088 Quam
604 3015 796 3075 timeo
824 3012 1027 3073 victus
1055 3031 1135 3071 ne
1162 3030 1393 3089 poenas
1425 3012 1636 3091 exigat
1662 3012 1830 3092 Ajax

368 3111 467 3175 Ut
493 3110 656 3171 male
685 3109 987 3170 defensus.
1072 3108 1408 3169 Curramus
1436 3108 1803 3188 praecipites
1831 3118 1897 3170 et
2316 3122 2379 3167 85

368 3208 540 3269 Dum
558 3209 735 3288 jacet
762 3205 826 3266 in
854 3205 989 3285 ripa
1015 3205 1319 3265 calcemus
1350 3204 1628 3265 Caesaris
1657 3205 1919 3266 hostem.

372 3305 498 3366 Sed
526 3305 783 3365 videant
812 3301 992 3376 servi,
1021 3319 1101 3360 ne
1130 3300 1266 3380 quis
1295 3310 1485 3381 neget
1513 3310 1578 3361 et
1604 3301 1904 3381 pavidum
1930 3302 1994 3361 in
2014 3301 2119 3381 jus

372 3402 630 3462 Cervicc
659 3399 955 3461 obstricta
981 3397 1301 3457 dominum
1329 3396 1589 3471 trahat?
1675 3396 1761 3457 Hi
1789 3417 2101 3459 sermones
