2734 4017
1095 232 1371 282 sATmA
1414 234 1547 282 v11.
2250 216 2335 283 35

310 402 458 463 Hos
486 402 651 463 inter
678 409 961 481 sumptus
989 401 1276 463 sestertia
1305 400 1696 473 Quintiliano

313 499 421 562 Ut
446 499 717 559 multum
745 498 871 559 duo
898 499 1235 559 sufficient:
1278 519 1378 559 res
1405 501 1577 559 nulla
1601 500 1853 560 minoris

317 596 653 659 Constabit
679 596 843 675 patri
871 616 1057 676 quam
1083 596 1263 657 filius,
1343 602 1382 634 ‘⁴
1400 596 1593 658 Unde
1620 597 1812 679 igitur
1837 607 1936 660 tot

318 693 746 768 Quintilianus
773 693 961 754 habet
988 693 1183 753 saltus
1196 692 1270 754 ?''
1350 693 1657 776 Exempla
1684 713 1984 756 novorum

315 792 623 853 Fatorum
649 789 860 851 transi.
940 790 1122 850 Felix
1151 800 1217 851 et
1243 792 1502 872 pulcher
1527 802 1593 853 et
1620 812 1779 867 acer,
2239 808 2333 855 19⁰

315 889 502 950 Felix
530 898 596 949 et
623 887 865 968 sapiens
894 896 959 948 et
986 887 1212 949 nobilis
1239 898 1305 950 et
1329 899 1667 969 generosus

315 986 696 1067 Appositam
722 984 935 1065 nigrae
962 985 1176 1045 lunam
1205 985 1481 1046 subtexit
1508 986 1756 1062 alutae;

316 1084 499 1144 Felix
529 1092 738 1145 orator
764 1102 1010 1163 quoque
1037 1082 1343 1144 maximus
1370 1091 1437 1142 et
1453 1083 1796 1163 jaculator3

316 1181 406 1241 Et
433 1180 486 1240 si
514 1180 810 1260 perfrixit,
841 1188 1055 1241 cantat
1082 1180 1258 1240 bene.
1339 1179 1555 1240 Distat
1582 1181 1747 1241 enim
1775 1200 1932 1261 quac

318 1278 541 1339 Sidera
566 1288 632 1337 te
662 1277 973 1357 excipiant
999 1276 1188 1337 modo
1215 1277 1449 1358 primos
1475 1277 1874 1358 incipientem
2236 1293 2330 1343 195

314 1374 522 1434 Edere
551 1373 802 1454 vagitus
830 1384 896 1435 et
924 1374 1129 1435 adhuc
1157 1393 1195 1434 a
1220 1383 1417 1435 matre
1445 1375 1791 1436 rubentem.

317 1471 389 1531 Si
413 1471 698 1532 Fortuna
725 1473 913 1545 volet,
940 1472 1052 1532 fies
1082 1472 1160 1532 de
1188 1472 1436 1532 rhetore
1466 1472 1699 1533 Consul
1721 1493 1746 1549 3

316 1569 387 1629 Si
413 1569 587 1628 volet
613 1569 766 1628 haec
795 1569 1031 1643 eadem,
1058 1568 1170 1629 fies
1199 1568 1277 1628 de
1306 1570 1577 1631 Consule
1604 1570 1831 1631 rhetor.

312 1665 654 1725 Ventidius
684 1665 834 1744 quid
864 1665 1031 1725 enim
1050 1666 1080 1725 Ῥ
1122 1666 1272 1745 quid
1301 1665 1545 1727 Tullius
1563 1667 1594 1726 ⁴?
1634 1686 1795 1728 anne
1825 1668 1990 1730 aliud
2021 1689 2205 1750 quam

315 1762 502 1822 Sidus
531 1770 597 1822 et
625 1762 857 1823 occulti
884 1763 1168 1823 miranda
1193 1763 1479 1842 potentia
1504 1763 1666 1824 fati?
2232 1784 2326 1830 200

315 1859 527 1920 Servis
556 1877 746 1939 regna
774 1860 1032 1933 dabunt,
1061 1860 1323 1939 captivis
1350 1860 1480 1920 fata
1507 1861 1868 1941 triumphos.

311 1956 497 2018 Felix
524 1957 629 2017 ille
656 1966 868 2017 tamen
897 1976 1084 2018 corvo
1113 1976 1357 2037 quoque
1385 1958 1578 2017 rarior
1605 1960 1764 2020 albo.

312 2053 637 2115 Poenituit
664 2055 896 2115 multos
923 2073 1119 2114 vanae
1148 2055 1494 2135 sterilisque
1524 2057 1873 2133 cathedrae,

313 2153 493 2214 Sicut
521 2152 970 2232 Thrasymachi
1000 2153 1229 2233 probat
1259 2153 1463 2215 exitus
1492 2165 1678 2235 atque
1710 2156 1978 2219 Secundi

312 2250 650 2312 Carinatis:
693 2259 758 2310 et
787 2251 954 2310 hunc
981 2250 1232 2331 inopem
1261 2251 1524 2337 vidistis,
1553 2253 1858 2330 Athenae,
2227 2273 2322 2320 205

308 2348 423 2408 Nil
452 2357 697 2427 praeter
723 2347 962 2428 gelidas
994 2366 1177 2408 ausae
1209 2349 1484 2409 conferre
1516 2350 1763 2411 cicutas.

242 2476 246 2479 ⁴
307 2444 397 2505 Di
423 2446 727 2525 majorum
757 2445 988 2505 umbris
1016 2453 1269 2505 tenuem
1299 2455 1365 2506 et
1394 2446 1525 2507 sine
1552 2450 1825 2527 pondere
1853 2459 2081 2511 terram

310 2543 751 2624 Spirantesque
782 2564 994 2605 crocos
1024 2553 1088 2604 et
1122 2543 1188 2603 in
1217 2563 1373 2603 urna
1399 2555 1766 2625 perpetuum
1796 2567 1920 2622 ver,

310 2640 437 2713 Qui
465 2650 928 2721 praeceptorem
958 2640 1156 2702 sancti
1182 2642 1436 2701 voluere
1462 2643 1737 2721 parentis

307 2737 462 2798 Esse
491 2739 645 2801 loco.
730 2737 1021 2799 Metuens
1050 2738 1261 2819 virgae
1290 2740 1426 2818 jam
1452 2739 1705 2819 grandis
1734 2741 2012 2804 Achilles
2228 2763 2320 2808 210

309 2835 621 2898 Cantabat
648 2837 864 2917 patriis
890 2837 957 2898 in
984 2836 1334 2911 montibus;
1377 2845 1442 2897 et
1470 2838 1569 2897 cui
1595 2858 1719 2898 non
1751 2849 1901 2901 tunc

306 2932 580 2994 Eliceret
610 2935 802 2995 risum
832 2933 1149 2996 citharoed
1205 2933 1404 2994 cauda
1430 2935 1710 3015 magistri
1729 2937 1759 2995 ’Β

308 3029 435 3091 Sed
465 3031 699 3093 Rufum
728 3041 913 3113 atque
943 3032 1093 3091 alios
1123 3030 1327 3091 caedit
1356 3051 1467 3091 sua
1495 3052 1799 3113 quemque
1819 3034 2138 3114 juventu&

305 3127 541 3189 Rufum
572 3130 680 3210 qui
707 3129 894 3189 toties
926 3129 1289 3189 Ciceronem
1318 3128 1662 3209 Allobroga
1690 3131 1866 3192 dixit.

388 3225 544 3298 Quis
571 3225 808 3306 gremio
837 3223 1137 3285 Enceladi
1167 3223 1456 3304 doctique
1487 3226 1878 3289 Palaemonis
1907 3229 2084 3291 affert
2219 3246 2313 3291 215

307 3322 630 3395 Quantum
657 3321 1097 3402 grammaticus
1124 3320 1350 3380 meruit
1379 3321 1552 3382 labor
1570 3324 1600 3383 Ῥ
1642 3333 1705 3385 et
1731 3335 1943 3385 tamen
1973 3346 2050 3386 ex
2077 3329 2195 3387 hoc

307 3419 740 3501 Quodcunque
768 3427 864 3480 est
896 3418 1126 3499 (minus
1155 3427 1250 3478 est
1279 3428 1487 3479 autem
1517 3440 1699 3500 qnam
1731 3423 1991 3482 rhetoris
2020 3429 2186 3502 aera)
