2734 4017
1084 197 1360 246 sArmA
1406 198 1564 246 ΧΠ.
2246 183 2327 251 87

299 364 694 448 Exspectare
721 366 909 426 colus.
988 363 1274 426 Morieris
1300 364 1564 426 stamine
1590 364 1872 426 nondum

302 462 625 543 Abrupto.
704 462 748 523 J
749 481 851 522 am
877 481 1043 523 nunc
1071 462 1279 523 obstas
1305 471 1375 522 et
1400 470 1551 523 vota
1577 463 1853 537 moraris,
2234 479 2333 525 250

306 559 354 622 J
356 579 459 619 am
485 566 740 639 torquet
768 559 1070 639 juvenem
1095 558 1287 638 longa
1311 568 1380 620 et
1405 557 1657 619 cervina
1683 568 1987 621 senectus.

313 656 506 717 Ocius
533 655 935 736 Archigenen
962 674 1187 735 quaere
1216 664 1404 734 atque
1433 674 1569 715 eme
1599 656 1768 735 quod
1797 655 2195 720 Mithridates

316 749 704 830 Composuit,
735 750 788 811 si
813 750 909 810 vis
936 749 1122 809 aliam
1148 749 1479 828 decerpere
1506 747 1696 810 ficum

312 848 530 926 Atque
560 846 709 906 alias
734 854 1001 907 tractare
1028 865 1215 907 rosas.
1295 844 1693 909 Medicamen
1718 848 2075 911 habendum
2101 859 2199 912 est

315 944 585 1006 Sorbere
613 951 760 1003 ante
771 942 995 1003 cibum
1023 942 1191 1023 quod
1220 941 1448 1005 debeat
1475 953 1543 1005 et
1566 954 1746 1025 pater
1772 956 1838 1007 et
1864 966 1991 1008 rex·
2239 962 2337 1007 255

396 1040 686 1101 Monstro
713 1040 1103 1119 voluptatem
1133 1039 1450 1121 egregiam
1477 1042 1580 1103 cui
1606 1044 1775 1103 nulla
1799 1043 2062 1119 theatra»,

319 1139 516 1202 Nulla
541 1153 805 1217 aequare
833 1156 1022 1217 queas
1051 1137 1366 1200 Praetoris
1393 1140 1636 1221 pulpita
1659 1141 1832 1215 lauti,

321 1239 391 1302 Si
418 1243 665 1316 spectes
692 1242 928 1315 quanto
956 1234 1175 1315 capitis
1205 1236 1559 1298 discrimine
1586 1247 1878 1299 constent

320 1334 720 1395 Incrementa
749 1331 989 1407 domus,
1020 1344 1229 1395 aerata
1253 1335 1486 1396 multus
1512 1335 1576 1395 in
1607 1353 1748 1395 arca

321 1433 542 1494 Fiscus
571 1439 636 1491 et
665 1429 747 1490 ad
774 1429 1029 1510 vigilem
1053 1433 1326 1512 ponendi
1355 1432 1616 1495 Castora
1640 1432 1897 1506 nummi,
2245 1445 2344 1491 260

323 1530 423 1591 Ex
452 1548 579 1610 quo
605 1527 777 1588 Mars
805 1527 999 1590 Ultor
1023 1531 1266 1610 galeam
1293 1549 1538 1610 quoque
1564 1530 1839 1611 perdidit
1865 1537 1932 1589 et
1959 1547 2057 1590 res

324 1628 475 1689 Non
504 1625 713 1707 potuit
741 1645 986 1688 servare
1014 1646 1171 1688 suas.
1249 1626 1423 1708 Ergo
1449 1626 1658 1688 omnia
1684 1625 1909 1687 Florae

325 1726 414 1790 Et
444 1724 688 1786 Cereris
716 1723 863 1785 licet
890 1734 957 1785 et
985 1723 1252 1803 Cybeles
1278 1725 1494 1784 aulaea
1518 1722 1861 1804 relinquas;

329 1823 538 1885 Tanto
565 1821 830 1903 majores
855 1820 1127 1882 humana
1151 1821 1405 1902 negotia
1429 1820 1580 1881 ludi.

329 1923 437 1984 An
464 1920 665 2001 magis
692 1919 1008 1984 oblectant
1034 1918 1308 1980 animum
1338 1918 1581 1999 jactata
1605 1926 1866 1998 petauro
2249 1928 2348 1975 265

332 2021 611 2100 Corpora
640 2017 866 2098 quique
893 2015 1052 2077 solet
1078 2024 1319 2076 rectum
1346 2015 1718 2077 descendere
1745 2015 1974 2089 funem,

334 2119 543 2192 Quam
569 2126 642 2178 tu
672 2114 937 2195 Corycia
962 2132 1205 2193 semper
1230 2113 1339 2193 qui
1364 2131 1574 2193 puppe
1601 2110 1860 2172 moraris

333 2218 548 2298 Atque
575 2214 836 2288 habitas,
866 2214 1030 2274 Coro
1059 2229 1300 2290 semper
1327 2209 1640 2271 tollendus
1669 2218 1736 2269 et
1762 2208 2018 2283 Austr0‚

334 2313 630 2375 Perditus
658 2332 731 2373 ac
758 2310 899 2372 vilis
927 2307 1086 2370 sacci
1114 2316 1420 2369 mercator
1447 2306 1705 2381 olentis;

338 2411 465 2485 Qui
489 2411 727 2492 gaudes
753 2409 986 2490 pingue
1015 2406 1305 2487 antiquae
1332 2404 1413 2465 de
1439 2405 1621 2465 litore
1650 2404 1873 2466 Cretae
2257 2416 2354 2463 270

337 2508 603 2569 Passum
628 2516 694 2569 et
721 2507 1062 2587 municipes
1087 2504 1131 2565 J
1134 2502 1269 2565 ovis
1298 2501 1619 2563 advexisse
1647 2501 1900 2581 lagenas
1918 2500 1950 2561 ?

339 2605 463 2667 Hic
490 2617 700 2667 tamen
730 2603 982 2684 ancipiti
1010 2603 1211 2684 figens
1239 2600 1507 2681 vestigia
1531 2600 1747 2680 planta

339 2702 601 2766 Victum
627 2703 735 2762 illa
762 2701 1043 2763 mercede
1069 2709 1248 2781 parat
1277 2700 1684 2778 brumamque
1711 2696 2058 2775 famemque

340 2798 460 2860 Illa
484 2809 648 2860 reste
677 2807 891 2872 cavet3
932 2805 1004 2858 tu
1030 2805 1286 2877 propter
1310 2796 1481 2857 mille
1511 2795 1750 2857 talenta

342 2896 429 2958 Et
457 2910 711 2958 centum
737 2895 915 2956 villas
941 2894 1319 2955 temerarius.
1400 2893 1634 2973 Aspice
1661 2898 1880 2972 portus
2263 2900 2361 2947 275

342 2993 429 3054 Et
455 2995 711 3073 plenum
738 2990 978 3070 magnis
1006 2990 1284 3050 trabibus
1312 3008 1517 3066 mare3
1559 2991 1699 3069 plus
1740 2985 2065 3047 hominum
2106 2990 2203 3044 est
2229 2982 2365 3063 jam

345 3093 419 3150 ln
449 3090 711 3171 pelag03
750 3088 961 3147 veniet
988 3086 1195 3147 classis
1223 3105 1590 3165 quocunque
1619 3085 1858 3147 vocarit

348 3187 502 3267 Spes
528 3184 700 3259 lucri,
727 3204 843 3245 nec
873 3183 1276 3262 Carpathium
1299 3182 1687 3263 Gaetulaque
1715 3193 1964 3243 tantum

346 3283 641 3363 Aequora
667 3280 990 3353 transiliet,
1018 3279 1128 3339 sed
1157 3280 1341 3359 longe
1373 3279 1565 3359 Calpe
1591 3278 1809 3338 relicta

347 3378 588 3440 Audiet
614 3377 923 3439 Herculeo
950 3375 1317 3439 stridentem
1342 3376 1591 3455 gurgite
1619 3375 1833 3437 solem.
2269 3380 2398 3429 28⁰-
