2734 4017
1202 267 1292 316 ΒΑ
1302 267 1474 316 ΗΒΑ
1518 267 1567 315 1.
2345 253 2385 317 3

369 431 458 493 Et
483 452 652 494 mare
680 451 1037 515 percussum
1063 453 1257 515 puero
1286 434 1647 515 fabrumque
1677 436 2011 511 volantem,

374 534 585 607 Quum
611 535 754 595 leno
783 533 1046 613 accipiat
1071 532 1315 593 moechi
1341 532 1523 606 bona,
1552 533 1602 592 si
1621 523 1919 612 'capiendi
2323 549 2386 593 55

292 632 411 701 Α]
419 653 487 692 us
515 633 754 692 nullum
783 617 1224 712 uxori,(doctus
1252 639 1529 708 spectare
1557 631 1824 704 lacunar,
1849 615 1866 712 l

371 728 615 789 Doctus
641 737 706 788 et
733 728 814 787 ad
841 727 1096 788 calicem
1122 726 1409 806 vigilanti
1437 736 1696 786 stertere
1724 746 1873 788 naso
1890 723 1942 802 {l

372 825 587 899 Quum
610 825 702 886 fas
729 844 861 885 esse
887 831 1069 904 putet
1078 823 1307 884 'curam
1334 833 1614 903 spectare
1642 824 1912 886 cohortis

372 921 500 995 Qui
525 922 691 983 bona
717 920 975 982 donavit
1001 919 1415 1001 praesepibus,
1445 930 1512 981 et
1538 929 1706 982 caret
1734 922 1904 982 omni

371 1019 685 1101 Majorum
712 1038 900 1080 censu
929 1018 1080 1077 dum
1107 1018 1392 1097 pervolat
1421 1036 1537 1078 axe
1566 1017 1760 1080 citato
2322 1032 2387 1079 60

372 1115 742 1176 Flaminiam
769 1135 923 1195 puer
940 1115 970 1174 ⁴?
1010 1114 1420 1175 Automedon
1449 1135 1590 1176 nam
1620 1116 1753 1176 lora
1778 1116 2034 1178 tenebat

372 1212 890 1298 Ipse,lacernatae
920 1230 1113 1290 quum
1140 1230 1205 1271 se
1238 1210 1509 1290 jactaret
1536 1212 1785 1274 amicae.

371 1308 602 1370 Nonne
630 1308 782 1369 libet
809 1307 1018 1368 medio
1047 1326 1217 1368 ceras
1244 1308 1500 1388 implere
1530 1328 1785 1389 capaces

372 1406 734 1481 Quadi-isto,
762 1426 953 1486 quum
985 1406 1119 1486 jam
1148 1417 1324 1467 sexta
1352 1407 1589 1467 cervice
1615 1408 1866 1483 feratur,

372 1504 541 1565 Hinc
567 1514 755 1584 atque
780 1503 928 1564 inde
956 1513 1177 1584 patens
1205 1523 1277 1565 ac
1303 1505 1474 1565 nuda
1499 1524 1695 1585 paene
1723 1505 2019 1568 cathedra
2318 1493 2385 1564 335

371 1602 460 1664 Et
487 1602 755 1663 multum
781 1600 1050 1662 referens
1079 1602 1158 1662 de
1184 1600 1548 1662 Maecenate
1577 1602 1813 1683 supine,

316 1686 669 1782 sSignator
694 1699 866 1773 false,
895 1699 1001 1779 qui
1028 1719 1093 1760 se
1119 1700 1359 1760 lautum
1390 1708 1575 1779 atque
1601 1700 1858 1761 beatum

371 1798 632 1880 Exiguis
659 1798 887 1859 tabulis
916 1807 979 1857 et
1005 1817 1253 1878 gemma
1279 1798 1508 1857 fecerat
1536 1797 1706 1857 uda?

373 1896 660 1957 Occurrit
687 1904 972 1956 matrona
997 1904 1237 1976 potens,
1265 1913 1423 1974 quae
1451 1893 1637 1954 molle
1668 1893 1970 1955 Calenum

375 1993 746 2056 Porrectura
774 1992 908 2053 viro
937 1992 1153 2053 miscet
1181 1991 1432 2052 sitiente
1459 1991 1761 2067 rubetam,
2323 2005 2386 2054 70

372 2090 777 2171 Instituitque
804 2089 991 2150 rudes
1017 2088 1237 2149 melior
1263 2086 1535 2149 Locusta
1561 2089 1937 2169 propinquas

371 2189 499 2250 Per
522 2188 751 2249 famam
778 2198 844 2248 et
870 2185 1171 2267 populum
1199 2185 1409 2265 nigros
1438 2185 1649 2245 efferre
1676 2187 1952 2247 maritos.

372 2286 562 2347 Aude
589 2284 822 2366 aliquid
848 2283 1140 2345 brevibus
1167 2282 1389 2363 Gyaris
1418 2290 1482 2342 et
1509 2302 1749 2343 carcere
1779 2282 2057 2362 dignum,

377 2384 444 2445 Si
471 2383 565 2444 vis
592 2402 724 2443 esse
752 2381 1004 2462 aliquis:
1031 2379 1308 2462 probitas
1336 2379 1628 2441 laudatur
1654 2390 1719 2441 et
1748 2381 1934 2461 alget.

377 2480 747 2542 Criminibus
775 2478 1007 2540 debent
1033 2479 1264 2553 hortos,
1289 2477 1617 2558 praetoria,
1645 2496 1906 2552 mensas,
2323 2492 2384 2539 75

373 2577 727 2658 Argentum
754 2585 934 2637 vetus
962 2585 1027 2637 et
1054 2585 1327 2637 stantem
1354 2584 1534 2636 extra
1558 2576 1777 2655 pocula
1806 2594 2075 2654 caprum.

299 2663 579 2752 fQuem
604 2673 841 2754 patitur
867 2673 1132 2734 dormire
1160 2692 1353 2733 nurus
1383 2679 1703 2751 corruptor
1731 2690 1970 2745 avarae,

374 2770 581 2844 Quem
607 2789 867 2851 sponsae
893 2780 1107 2850 turpes
1135 2779 1200 2830 et
1226 2778 1654 2850 praetextatus
1681 2770 1969 2830 adulter?
2003 2737 2046 2844 )

316 2885 330 2954 q
376 2868 444 2929 Si
473 2876 697 2928 natura
720 2876 908 2948 negat
934 2866 1083 2928 facit
1109 2867 1460 2947 indignatio
1487 2886 1750 2940 versum,
1780 2877 1812 2948 J
1868 2847 2130 2958 cdd-‘3414
2147 2868 2386 2922 aul-0
2402 2883 2441 2957 2
2459 2848 2658 2926 (W
2685 2897 2706 2908 —

374 2965 881 3044 Qualemcunque
908 2972 1132 3043 potest,
1160 2965 1374 3044 quales
1402 2983 1520 3043 ego
1547 2965 1648 3025 vel
1678 2963 2032 3027 Cluvienus.
2320 2977 2385 3023 80

453 3060 553 3120 Ex
582 3081 703 3141 quo
730 3059 1071 3122 Deucalion
1100 3060 1325 3121 nimbis
1352 3060 1715 3128 tollentibus
1741 3080 1970 3141 aequor

372 3156 645 3238 Navigio
672 3165 950 3218 montem
979 3158 1257 3218 aseendit
1285 3166 1602 3237 sortesque
1630 3159 1931 3238 poposcit,

372 3253 830 3334 Paullatimque
857 3254 1062 3314 anima
1089 3254 1412 3315 caluerunt
1439 3255 1648 3315 mollia
1673 3274 1837 3330 saxa,

373 3350 461 3411 Et
487 3350 755 3411 maribus
782 3349 981 3411 nudas
1010 3350 1284 3411 ostendit
1311 3350 1554 3431 Pyrrha
1580 3352 1833 3430 puellas,

373 3445 695 3526 Quidquid
722 3454 918 3527 agunt
943 3445 1240 3522 homines,
1272 3457 1505 3522 votum,
1534 3447 1735 3522 timor,
1763 3448 1871 3523 ira,
1897 3447 2204 3527 voluptas,
2319 3461 2383 3507 85
