2734 4017
413 212 498 279 34
1022 228 1095 275 D.
1127 227 1333 277 amm
1376 227 1788 276 JUVENALIS

410 395 661 457 Occidit
687 395 943 456 miseros
972 394 1218 456 crambe
1247 394 1516 476 repetita
1541 395 1887 475 magistros.

410 494 565 567 Quis
595 494 765 555 color
793 502 859 553 et
887 493 1055 573 quod
1083 492 1164 553 sit
1193 511 1412 553 causae
1441 512 1640 573 genus
1670 503 1853 572 atque
1883 492 1991 553 ubi
2018 512 2257 555 summa
2326 509 2418 556 155

409 591 724 665 Quaesti0‚
756 610 914 670 quae
943 590 1198 650 veniant
1227 590 1472 650 diversa
1496 600 1674 670 parte
1702 590 1982 670 sagittae,

406 688 608 751 Nosse
637 689 833 749 velint
865 707 1093 761 omnes,
1125 687 1475 748 mercedem
1503 687 1739 748 solvere
1768 707 1968 749 nemo.

409 785 813 847 “Mercedem
844 785 1116 866 appellas
1133 785 1163 843 ’Β
1206 784 1355 864 quid
1386 784 1555 844 enim
1582 783 1709 845 scio
1728 784 1810 844 ?”
1864 791 1900 821 “
1924 784 2123 865 Culpa
2142 785 2420 847 docentis

410 882 658 946 Scilicet
685 884 966 965 arguitur
996 882 1163 962 quod
1192 882 1413 943 13ον3
1396 903 1462 942 111
1490 892 1666 963 parte
1692 882 2001 943 mamillae

407 980 518 1042 Nil
545 981 687 1042 salit
711 980 1033 1041 Arcadio
1005 979 1244 1061 juveni,
1275 980 1451 1061 cujus
1478 980 1630 1040 mihi
1657 989 1833 1041 sexta
2327 997 2418 1042 160

409 1077 669 1158 Quaque
697 1077 800 1138 die
828 1077 1121 1138 miserum
1150 1077 1319 1137 dirus
1347 1086 1539 1157 caput
1568 1076 1880 1137 Hannibal
1906 1076 2161 1156 implet;

408 1175 726 1256 Quidquid
754 1175 821 1235 id
850 1184 946 1236 est
977 1175 1055 1238 (10
1086 1195 1209 1255 quo
1240 1175 1560 1249 deliberat,
1592 1194 1671 1236 an
1699 1185 1875 1256 petat
1899 1174 2140 1239 Urbem

405 1272 470 1331 A
499 1272 743 1347 Cannis,
771 1290 850 1331 an
879 1280 1022 1351 post
1050 1271 1294 1334 nimbos
1322 1280 1390 1331 et
1416 1270 1675 1334 fulmina
1702 1281 1921 1334 cautus

407 1368 803 1448 circumagat
828 1368 1109 1429 madidas
1140 1387 1177 1427 a
1203 1377 1579 1448 tempestate
1608 1370 1908 1429 cohortes.

406 1463 726 1536 Quantum
755 1466 847 1526 vis
877 1465 1172 1544 stipulare
1202 1474 1268 1525 et
1295 1466 1579 1543 protinus
1608 1465 1816 1545 accipe
1845 1464 2011 1546 quod
2039 1465 2122 1527 do
2323 1482 2417 1528 165

405 1560 502 1622 Ut
529 1562 716 1623 toties
743 1562 916 1623 illum
946 1572 1126 1642 pater
1154 1560 1420 1623 audiat.”
1505 1561 1683 1624 Haec
1709 1563 1814 1623 alii
1841 1583 1949 1623 sex

402 1657 528 1719 Vel
555 1661 761 1739 plures
792 1680 916 1721 uno
947 1661 1340 1722 conclamant
1369 1680 1474 1722 ore
1510 1659 1854 1740 Sophistae,

401 1755 490 1816 Et
515 1776 693 1817 veras
720 1756 961 1837 agitant
991 1757 1133 1818 lites
1163 1766 1413 1837 raptore
1441 1757 1695 1832 relict03

402 1853 568 1914 Fusa
592 1873 835 1914 venena
863 1854 1066 1930 silent,
1097 1855 1296 1915 malus
1324 1853 1726 1934 ingratusque
1754 1854 2030 1928 maritus,

399 1948 488 2011 Et
516 1970 672 2032 quae
691 1950 825 2030 jam
852 1960 1095 2013 veteres
1124 1960 1348 2012 sanant
1375 1950 1671 2012 mortaria
1699 1969 1930 2012 caecos.
2319 1967 2413 2014 170

400 2046 571 2128 Ergo
599 2048 714 2108 sibi
743 2047 918 2110 dabit
945 2047 1079 2129 ipse
1108 2048 1328 2109 rudem
1357 2048 1411 2108 si
1439 2057 1651 2109 nostra
1676 2048 2015 2111 movebunt

401 2144 688 2218 Consilia,
716 2154 781 2205 et
808 2144 976 2206 vitae
1006 2144 1321 2205 diversum
1348 2144 1469 2205 iter
1497 2144 1895 2225 ingredietur,

397 2241 504 2301 Ad
529 2261 805 2321 pugnam
831 2240 937 2321 qui
965 2242 1274 2303 rhetorica
1307 2243 1630 2305 descendit
1658 2244 1737 2304 ab
1763 2244 1997 2318 umbra,

400 2338 722 2399 Summula
746 2358 827 2398 ne
853 2349 1068 2419 pereat
1101 2359 1222 2419 qua
1253 2340 1395 2404 vilis
1423 2349 1655 2401 tessera
1680 2340 1854 2401 venit

397 2435 755 2497 Frumenti:
796 2435 1023 2517 quippe
1056 2437 1211 2499 haec
1240 2457 1479 2498 merces
1506 2437 1861 2498 lautissima.
1941 2435 2209 2518 Tempta
2319 2454 2410 2501 175

397 2534 836 2614 Chrysogonus
866 2534 1082 2613 quanti
1118 2536 1341 2598 doceat
1372 2536 1477 2596 vel
1504 2534 1708 2596 Pollio
1736 2535 1953 2616 quanti

394 2629 736 2690 Lautorum
762 2650 1001 2709 puerOS,
1037 2641 1234 2694 artem
1266 2634 1557 2695 scindens
1584 2633 1915 2695 Theodori.

394 2726 629 2787 Balnea
656 2729 960 2789 sexcentis
992 2735 1057 2789 et
1085 2730 1278 2809 pluris
1308 2731 1585 2812 porticus
1611 2733 1676 2794 in
1705 2752 1828 2812 qua

395 2823 690 2885 Gestetur
717 2825 1003 2893 dominus
1037 2829 1280 2908 quoties
1307 2830 1485 2909 pluit.
1566 2831 1754 2890 Anne
1782 2848 2064 2892 serenum

393 2919 734 3000 Exspectet
761 2935 1131 3006 spargatque
1163 2928 1298 2990 luto
1317 2928 1608 3008 jumenta
1633 2927 1861 2989 recenti
1878 2928 1908 2987 P
1935 2968 1942 2974 -
2313 2941 2407 2987 180

394 3016 518 3077 Η10
542 3018 765 3097 potius,
797 3042 1062 3103 namque
1093 3024 1195 3086 hic
1222 3025 1495 3086 mundae
1527 3025 1688 3086 nitet
1715 3026 1947 3105 ungula
1973 3024 2193 3085 mulae.

393 3113 584 3175 Parte
612 3116 745 3183 alia,
762 3120 963 3201 longis
992 3120 1410 3182 Numidarum
1437 3124 1597 3184 fulta
1629 3122 1929 3184 columnis

395 3210 623 3291 Surgat
651 3224 717 3277 et
745 3218 1057 3297 algentem
1083 3219 1284 3299 rapiat
1312 3221 1596 3282 coenatio
1625 3220 1834 3281 solem.

394 3309 872 3395 Quanticunque
903 3316 1140 3390 domus,
1169 3316 1379 3377 veniet
1409 3318 1517 3398 qui
1544 3317 1774 3378 fercula
1800 3317 1986 3377 docte

393 3409 763 3491 Componat,
793 3411 1005 3476 veniet
1034 3412 1139 3493 qui
1165 3413 1579 3493 pulmentaria
1606 3413 1852 3476 condat.
2310 3428 2403 3474 185
