2734 4017
419 200 504 264 38
812 221 819 228 ·
1038 216 1109 263 n.
1156 215 1364 264 Jmm
1408 214 1825 265 JUVENALIS

413 383 710 464 Agnosco
736 403 1070 463 procerem.
1155 383 1358 459 Salve,
1390 382 1729 456 Gaetulice,
1758 400 1866 442 seu
1893 391 1965 444 tu

417 481 679 556 Silanus,
708 500 1075 561 quocunque
1104 480 1225 541 alio
1254 480 1333 540 de
1361 480 1678 560 sanguine,
1705 498 1880 539 rarus

416 578 587 640 Civis
614 586 680 639 et
708 577 997 657 egregius·
1017 577 1256 658 patriae
1298 576 1606 656 contingis
1635 575 1867 637 ovanti.

413 675 781 736 Exclamare
810 674 963 734 libet
990 662 1254 754 populus
1284 674 1454 754 quod
1485 676 1713 734 clamat
1742 672 1904 733 Osiri

416 773 705 835 Invento.
788 771 944 844 Quis
972 771 1138 832 enim
1164 790 1533 852 generosum
1564 770 1793 831 dixerit
1826 771 1992 831 hunc
2018 771 2125 851 qui
2365 787 2427 834 3ο

414 872 720 952 Indignus
746 888 974 951 genere
1003 880 1067 930 et
1092 869 1409 948 praeclaro
1437 868 1687 929 nomine
1716 876 1964 929 tantum

415 969 685 1051 Insignis
703 969 735 1029 ‘1’
814 967 881 1028 N
883 987 1070 1027 anum
1099 965 1420 1045 cujusdam
1446 965 1714 1026 Atlanta
1741 984 2054 1038 vocamus,

414 1067 796 1148 Aethiopem
824 1084 1112 1145 cygnum,
1140 1082 1399 1144 pravam
1428 1071 1860 1142 extortamque
1887 1062 2162 1143 puellam

417 1166 707 1246 Europen
730 1184 747 1239 ;
789 1164 1043 1225 canibus
1068 1161 1262 1243 pigris
1289 1160 1615 1242 scabieque
1644 1169 1896 1221 vetusta

417 1262 689 1323 Levibus
715 1271 779 1322 et
806 1262 1004 1322 siccae
1031 1260 1446 1321 lambentibus
1472 1278 1579 1319 ora
1604 1258 1891 1320 lucernae
2366 1272 2429 1318 35

417 1361 664 1422 Nomen
696 1359 813 1419 erit
840 1358 1086 1439 pardus,
1113 1357 1310 1438 tigris,
1337 1357 1456 1432 leo,
1484 1356 1537 1418 si
1565 1356 1716 1437 quid
1744 1357 1946 1417 adhuc
1974 1364 2071 1417 est

420 1454 607 1527 Quod
633 1454 855 1515 fremat
882 1453 948 1513 in
975 1452 1155 1514 terris
1180 1452 1532 1513 violentius.
1614 1451 1783 1533 Ergo
1812 1451 2073 1525 cavebis,

418 1551 506 1612 Et
532 1559 772 1612 metues
799 1570 879 1611 ne
908 1559 980 1610 tu
1006 1550 1088 1611 sis
1118 1549 1402 1610 Creticus
1429 1559 1538 1610 aut
1567 1549 1950 1610 Camerinus.

500 1648 618 1710 His
645 1668 762 1729 ego
791 1667 979 1728 quem
1003 1647 1267 1709 monui?
1307 1657 1518 1707 tecum
1546 1656 1641 1707 est
1666 1646 1819 1707 mihi
1848 1665 2066 1720 serm0,
2095 1645 2348 1707 Rubelli

420 1746 662 1807 Plaute.
742 1745 977 1806 Tumes
1003 1746 1132 1806 alto
1157 1744 1504 1805 Drusorum
1534 1753 1881 1815 stemmate,
1911 1752 2205 1824 tanquam
2366 1760 2431 1806 40

422 1844 668 1904 Feceris
694 1842 826 1923 ipse
855 1841 1087 1922 aliquid
1114 1850 1373 1921 propter
1398 1841 1567 1922 quod
1594 1842 1819 1903 nobilis
1846 1862 2028 1917 esses,

421 1941 519 2003 Ut
547 1952 611 2001 te
640 1940 990 2020 conciperet
1017 1958 1175 2019 quae
1203 1941 1505 2019 sanguine
1531 1940 1730 2021 fulget
1757 1938 1898 2014 Iuli,

421 2038 571 2099 Non
600 2058 757 2119 quae
786 2049 1046 2100 ventoso
1074 2038 1384 2100 conducta
1412 2037 1527 2097 sub
1555 2056 1781 2118 aggere
1810 2037 1988 2098 texit.

423 2135 609 2196 “Vos
634 2133 951 2209 humiles,”
981 2134 1201 2216 inquis,
1229 2141 1266 2171 “
1283 2134 1459 2215 vulgi
1485 2153 1627 2214 pars
1656 2135 1878 2195 ultima
1905 2134 2121 2207 nostri,

424 2232 705 2305 Quorum
732 2252 918 2292 nemo
946 2241 1133 2312 queat
1158 2232 1423 2312 patriam
1456 2241 1799 2292 monstrare
1825 2233 2138 2311 parentis:
2365 2246 2429 2292 45

421 2332 546 2391 Ast
574 2349 691 2410 ego
721 2329 1123 2409 Cecropides!
1145 2329 1179 2359 ”
1259 2329 1459 2390 Vivas
1487 2339 1551 2390 et
1580 2329 1834 2409 originis
1861 2330 2044 2409 hujus

423 2426 667 2487 Gaudia
692 2428 880 2506 longa
905 2427 1100 2488 feras:
1140 2436 1351 2488 tamen
1379 2426 1504 2486 ima
1529 2427 1711 2506 plebe
1741 2426 2050 2499 Quiritem

422 2523 789 2584 Facundum
816 2523 1132 2600 invenies3
1174 2525 1332 2586 solet
1357 2524 1461 2584 hic
1489 2523 1821 2585 defendere
1849 2541 2065 2584 causas

421 2621 669 2683 Nobilis
698 2622 931 2683 indocti
956 2641 973 2697 ;
1014 2623 1225 2683 veniet
1253 2623 1333 2683 de
1360 2622 1543 2701 plebe
1571 2630 1791 2700 togata

423 2718 549 2791 Qui
567 2719 726 2799 juris
753 2720 952 2780 nodos
980 2727 1045 2780 et
1070 2720 1280 2800 legum
1309 2719 1662 2799 aenigmata
1689 2718 1907 2779 solvat.
2371 2731 2433 2779 50

423 2816 546 2877 Hic
571 2816 734 2896 petit
762 2815 1125 2895 Euphraten
1145 2816 1398 2896 juvenis
1426 2815 1769 2896 domitique
1798 2814 2024 2877 Batavi·

424 2913 732 2974 Custodes
761 2913 1012 2994 aquilas,
1041 2914 1227 2974 armis
1253 2913 1634 2974 industrius:
1676 2923 1742 2974 at
1768 2922 1841 2973 tu

421 3010 534 3070 Nil
560 3010 677 3072 nisi
709 3011 1081 3092 Cecropides
1109 3021 1453 3092 truncoque
1481 3010 1827 3072 simillimus
1855 3010 2145 3071 Hermae.

421 3107 616 3169 Nullo
644 3108 870 3190 quippe
899 3110 1020 3170 alio
1047 3109 1244 3170 vincis
1272 3108 1623 3170 discrimine
1652 3128 1839 3188 quam
1866 3109 2033 3188 quod

423 3203 526 3265 Illi
553 3226 963 3266 marmoreum
991 3216 1179 3286 caput
1207 3214 1318 3280 est,
1348 3214 1460 3266 tua
1486 3204 1646 3266 vivit
1672 3206 1895 3286 imago,
2371 3219 2435 3266 55

422 3301 544 3363 Dic
571 3303 740 3377 mihi,
768 3302 1147 3364 Teucrorum
1173 3304 1396 3383 proleS,
1426 3303 1713 3363 animalia
1738 3313 1915 3364 muta

426 3399 581 3472 Quis
607 3420 907 3480 generosa
934 3407 1113 3480 putet
1142 3400 1257 3459 nisi
1288 3400 1517 3460 fortia?
1557 3420 1780 3480 nempe
1809 3401 2127 3462 volucrem
