2734 4017
336 174 419 241 70
956 183 1029 230 n.
1076 180 1284 230 amm
1326 177 1743 229 JUVENALIS

1063 926 1395 992 SATIRA
1446 925 1634 988 ΧΠῙ.

345 1123 851 1269 EXEMPLO
881 1125 1297 1206 quodcunque
1326 1124 1491 1185 malo
1531 1120 1944 1184 committitur
1969 1118 2087 1200 ipsi

544 1223 851 1303 Displicet
883 1222 1138 1283 auctori.
1225 1221 1439 1281 Prima
1467 1230 1562 1282 est
1591 1220 1744 1296 baec
1774 1218 1946 1293 ultio,
1967 1216 2132 1297 quod
2163 1234 2230 1276 se

341 1320 384 1382 J
385 1320 564 1380 udice
594 1340 776 1381 nemo
806 1338 1036 1380 nocens
1065 1318 1426 1392 absolvitur,
1454 1317 1737 1398 improba
1764 1315 2049 1397 quamvis

344 1417 560 1478 Gratia
585 1417 789 1478 fallaci
817 1416 1132 1477 Praetoris
1161 1414 1380 1476 vicerit
1407 1435 1578 1475 urna.

347 1513 516 1587 Quid
545 1514 770 1574 sentire
799 1523 982 1593 putas
1013 1532 1244 1586 omnes,
1276 1511 1554 1586 Calvine,
1582 1510 1817 1573 recenti

346 1611 445 1670 De
475 1611 701 1671 scelere
729 1619 794 1671 et
822 1610 969 1670 fidei
1001 1609 1270 1670 violatae
1302 1608 1556 1669 crimine
1577 1609 1607 1669 ’Β
1689 1608 1814 1668 Sed
1844 1627 1960 1668 nec

349 1707 507 1767 Tam
535 1708 740 1768 tenuis
768 1727 987 1768 census
1015 1706 1133 1767 tibi
1161 1706 1427 1785 contigit
1455 1715 1527 1765 ut
1555 1705 1883 1766 mediocris

350 1805 393 1867 J
395 1814 642 1865 acturae
672 1813 736 1864 te
764 1813 1006 1884 mergat
1036 1823 1209 1878 onus,
1241 1823 1358 1864 nec
1386 1823 1524 1863 rara
1550 1803 1838 1863 videmus

354 1902 529 1975 Quae
557 1902 806 1983 pateris.
891 1901 1086 1962 Casus
1114 1900 1328 1962 multis
1357 1900 1461 1961 hic
1490 1901 1777 1981 cognitus
1806 1920 1878 1962 ac
1908 1900 2043 1980 jam

354 1999 566 2061 Tritus
595 2008 658 2060 et
686 2020 721 2060 c
749 1999 956 2060 medio
985 1999 1272 2060 fortunae
1305 1999 1532 2059 ductus
1562 2018 1801 2059 acervo·

353 2097 670 2158 Ponamus
696 2096 921 2158 nimios
950 2096 1257 2176 gemitus;
1299 2095 1659 2176 flagrantior
1688 2115 1886 2176 aequo

356 2194 505 2254 Non
534 2194 723 2254 debet
751 2194 930 2253 dolor
960 2213 1091 2253 esse
1119 2192 1235 2253 viri
1266 2212 1384 2253 nec
1411 2194 1667 2254 vulnere
1694 2195 1907 2275 major.

358 2290 456 2350 Tu
486 2291 766 2371 quamvis
794 2290 1026 2350 levium
1053 2289 1375 2351 minimam
1405 2290 1817 2372 exiguamque
1844 2291 2148 2352 malorum

358 2387 737 2447 Particulam
764 2386 871 2446 vix
898 2370 1055 2447 ferre
1085 2397 1281 2466 potes,
1315 2388 1746 2467 spumantibus
1788 2390 2010 2449 ardens

358 2485 716 2546 Visceribus
744 2504 984 2545 sacrum
1012 2485 1128 2546 tibi
1158 2486 1326 2565 quod
1356 2505 1481 2544 non
1511 2485 1737 2545 reddat
1766 2486 1997 2547 amicus

358 2582 731 2662 Depositum
751 2582 780 2642 ’ἒ
822 2580 1034 2662 stupet
1062 2583 1215 2643 haec
1246 2584 1353 2665 qui
1386 2584 1519 2664 jam
1547 2593 1691 2664 post
1719 2594 1896 2665 terga
1923 2584 2172 2665 reliquit

363 2679 700 2758 Sexaginta
728 2699 938 2753 annOS,
969 2680 1239 2741 Fonteio
1271 2681 1539 2742 Consule
1581 2690 1765 2742 natus
1784 2683 1814 2742 ⁴?

360 2776 465 2836 An
495 2776 648 2835 nihil
676 2776 739 2836 in
768 2776 988 2837 melius
1018 2785 1117 2837 tot
1147 2798 1355 2839 rerum
1383 2778 1631 2857 proficis
1660 2798 1775 2839 usu
1797 2778 1826 2837 ?

360 2873 594 2952 Magna
622 2873 890 2953 quidem,
924 2875 1111 2935 sacris
1142 2895 1300 2955 quae
1331 2875 1442 2936 dat
1470 2886 1801 2956 praecepta
1827 2875 2067 2950 libellis,

360 2969 608 3030 Victrix
635 2970 918 3031 fortunae
951 2972 1289 3052 sapientia:
1333 2973 1617 3033 ducimus
1647 2983 1853 3033 autem

362 3067 497 3127 Hos
526 3089 769 3148 quoque
798 3070 1006 3131 felices
1038 3070 1143 3150 qui
1171 3070 1325 3130 ferre
1356 3068 1751 3130 incommoda
1780 3071 1945 3131 vitae

361 3164 500 3225 Nec
531 3167 772 3246 jactare
807 3169 1033 3249 jugum
1062 3167 1192 3227 vita
1222 3166 1493 3227 didicere
1525 3167 1836 3247 magistra.

365 3263 542 3336 Quae
571 3274 702 3325 tam
730 3266 888 3325 festa
917 3266 1047 3325 dies
1076 3273 1147 3323 ut
1175 3273 1371 3324 cesset
1402 3264 1661 3342 prodere
1683 3265 1897 3339 furem,

365 3361 720 3436 Perfidiam,
747 3362 1010 3435 fraudes,
1041 3369 1224 3439 atque
1255 3361 1425 3420 omni
1452 3379 1529 3420 ex
1558 3360 1811 3421 crimine
1839 3362 2080 3422 lucrum

2302 2011 2364 2057 10

2308 2499 2369 2544 15

2312 2986 2374 3030 20
