2734 4017
410 231 495 296 62
1018 246 1090 293 n.
1122 246 1327 294 amm
1372 247 1785 297 JUVENALIS

407 414 521 475 Nil
546 413 857 490 rhombus,
884 412 975 474 nil
1002 412 1184 473 dama
1211 414 1390 494 sapit,
1417 424 1636 495 putere
1667 416 1956 475 videntur

406 510 753 592 Unguenta
779 519 964 590 atque
990 529 1182 584 rosae,
1209 511 1370 571 latos
1398 511 1517 572 nisi
1544 510 1805 572 sustinet.
1832 512 2012 572 orbes

406 608 655 669 Grande
684 607 837 668 ebur
863 618 928 668 et
955 627 1182 687 magno
1211 608 1489 669 sublimis
1515 609 1744 689 pardus
1770 609 1945 670 hiatu

406 704 714 766 Dentibus
743 724 821 765 ex
848 704 970 764 illis
998 724 1152 785 quos
1179 705 1377 766 mittit
1405 717 1587 785 porta
1616 705 1852 785 Syenes

406 803 490 864 Et
517 802 721 863 Mauri
749 803 975 863 celeres
1003 814 1067 863 et
1094 801 1317 863 Mauro
1345 802 1660 864 obscurior
1685 803 1897 880 Indus,

403 901 490 963 Et
518 921 670 982 quos
698 901 985 981 deposuit
1010 900 1076 960 N
1078 902 1382 962 abathaeo
1410 901 1615 962 bellua
1643 904 1806 964 saltu

401 998 445 1061 J
448 1018 548 1059 am
576 997 800 1059 nimios
829 998 1138 1078 capitique
1166 1017 1406 1078 graves.
1487 999 1658 1061 Hinc
1683 1001 1882 1083 surgit
1909 1002 2128 1078 orexis,

402 1094 571 1156 Hinc
597 1096 917 1157 stomacho
945 1095 1141 1171 vires3
1181 1116 1326 1156 nam
1352 1116 1463 1177 pes
1492 1109 1822 1179 argenteus
1848 1099 1969 1160 illis

399 1192 689 1254 Annulus
714 1193 781 1253 in
809 1194 1009 1273 digito
1037 1194 1202 1274 quod
1230 1195 1476 1257 ferreus.
1560 1197 1732 1279 Ergo
1759 1199 2090 1278 superbum

403 1289 751 1351 Convivam
778 1311 985 1367 cave0,
1014 1292 1119 1373 qui
1146 1314 1246 1354 me
1274 1295 1392 1356 sibi
1419 1305 1736 1376 comparat
1764 1306 1830 1357 et
1855 1316 1953 1358 res

399 1386 682 1468 Despicit
711 1390 982 1471 exiguas.
1061 1391 1247 1453 Adeo
1275 1394 1447 1454 nulla
1474 1394 1655 1455 uncia
1682 1394 1862 1456 nobis

400 1482 518 1547 Est
545 1486 764 1562 eboris,
792 1508 908 1549 nec
936 1490 1233 1564 tessellae,
1262 1510 1380 1551 nec
1407 1491 1675 1552 calculus
1704 1511 1782 1553 ex
1808 1493 1926 1554 hac

399 1584 697 1648 Materiaz
739 1587 888 1667 quin
917 1588 1050 1667 ipsa
1075 1588 1398 1649 manubria
1424 1588 1815 1651 cultellorum

400 1685 628 1761 Ossea3
669 1706 795 1746 non
825 1696 1030 1747 tamen
1059 1686 1155 1747 his
1183 1686 1308 1747 ulla
1336 1706 1606 1767 unquam
1634 1688 1888 1750 obsonia
1912 1688 2071 1750 fiunt

398 1781 765 1857 Rancidulffi
793 1792 901 1844 aut
927 1783 1069 1845 ideo
1096 1784 1270 1864 pejor
1294 1784 1528 1865 gallina
1554 1795 1814 1847 secatur.

400 1879 527 1942 Sed
554 1901 670 1943 nec
698 1890 969 1943 structor
993 1881 1111 1943 erit
1139 1882 1237 1943 cui
1266 1882 1487 1944 cedere
1515 1882 1740 1944 debeat
1769 1884 1968 1945 omnis

397 1978 687 2060 Pergula,
715 1980 1050 2061 discipulus
1078 1979 1384 2062 Trypheri
1413 1981 1701 2057 doctoris,
1730 1983 1896 2063 apud
1923 2003 2108 2063 quem

400 2077 656 2140 Sumine
686 2098 830 2139 cum
856 2098 1085 2158 magno
1110 2079 1287 2159 lepus
1315 2092 1502 2160 atque
1530 2099 1679 2160 aper
1704 2089 1769 2141 et
1794 2100 2108 2160 pygargus

396 2176 482 2238 Et
512 2177 841 2258 Scythicae
868 2176 1150 2239 volucres
1177 2187 1242 2238 et
1268 2178 1783 2257 phoenicopterus
1810 2178 2030 2258 ingens

397 2275 484 2336 Et
511 2274 812 2335 Gaetulus
841 2293 997 2355 oryx
1021 2273 1233 2335 hebeti
1260 2275 1602 2336 lautissima
1626 2276 1787 2336 ferro

398 2375 709 2450 Caeditur,
738 2385 806 2437 et
830 2382 969 2437 tota
995 2382 1176 2436 sonat
1202 2375 1408 2435 ulmea
1436 2393 1628 2436 coena
1657 2371 1947 2434 Suburra.

395 2472 534 2534 Nec
559 2473 824 2533 frustum
852 2491 1105 2553 capreae
1134 2471 1474 2532 subducere
1502 2490 1618 2531 nec
1644 2472 1807 2532 latus
1833 2471 2024 2531 Afrae

395 2570 595 2634 Novit
623 2573 755 2633 avis
783 2581 1009 2646 noster,
1037 2571 1382 2632 tirunculus
1411 2588 1483 2630 ac
1509 2569 1680 2629 rudis
1707 2569 1875 2630 omni

394 2670 702 2753 Tempore
730 2680 795 2731 et
823 2670 1082 2751 exiguae
1108 2668 1288 2729 furtis
1314 2667 1590 2728 imbutus
1617 2666 1853 2727 ofellae.

394 2767 682 2831 Plebeios
710 2769 930 2831 calices
957 2777 1022 2829 et
1049 2767 1261 2848 paucis
1288 2764 1524 2826 assibus
1552 2773 1795 2845 emptos

394 2866 685 2948 Pon-riget
711 2868 983 2929 incultus
1010 2886 1165 2949 puer
1192 2875 1380 2945 atque
1410 2882 1448 2924 a
1472 2862 1700 2943 frigore
1728 2871 1920 2938 tutus,

392 2963 541 3026 Non
570 2964 788 3046 Phryx
816 2974 926 3026 aut
950 2963 1195 3044 Lycius,
1224 2984 1349 3025 non
1381 2983 1418 3023 a
1443 2982 1752 3042 mangone
1778 2962 2012 3042 petitus

395 3060 738 3143 Quisquam
766 3063 883 3124 erit
910 3072 975 3124 et
1003 3083 1248 3144 magn0.
1331 3061 1542 3134 Quum
1568 3081 1800 3142 posces,
1827 3081 2011 3142 posce
2038 3060 2278 3123 Latine.

392 3157 572 3221 Idem
599 3160 848 3221 habitus
877 3162 1132 3236 cunctis,
1162 3161 1326 3223 tonsi
1352 3160 1628 3241 rectique
1658 3161 1863 3241 capilli

391 3255 606 3337 Atque
633 3257 819 3318 hodie
846 3266 1091 3318 tantum
1118 3269 1373 3337 propter
1400 3260 1684 3320 convivia
1709 3261 1872 3340 pexi.

392 3352 669 3416 Pastoris
697 3355 835 3415 duri
863 3365 958 3416 est
985 3356 1085 3416 hic
1113 3355 1291 3429 filius,
1319 3356 1424 3417 ille
1452 3356 1736 3419 bubulci:

393 3451 675 3532 Suspirat
700 3452 889 3532 longo
917 3472 1043 3514 non
1071 3452 1268 3513 visam
1295 3462 1572 3532 tempore
1598 3463 1860 3516 matrem

2319 822 2409 869 1232

2318 1315 2409 1361 130

2313 1804 2404 1849 135

2308 2292 2400 2337 140

2306 2781 2398 2826 145

2303 3274 2397 3321 150
