2734 4017
285 220 328 285 4
895 235 969 283 D.
1000 234 1208 284 amm
1248 232 1662 283 JUVENALIS

284 401 546 477 Gaudia,
572 400 901 477 discursus,
928 402 1125 462 nostri
1150 410 1246 463 est
1271 400 1514 485 farrago
1541 399 1752 461 libelli.

284 498 370 561 Et
399 498 647 580 quando
678 499 923 559 uberior
950 499 1246 559 vitiorum
1272 497 1494 577 copia?
1538 497 1788 577 quando

283 595 488 676 Major
514 594 809 656 avaritiae
837 594 1042 675 patuit
1070 595 1238 656 sinus
1255 596 1284 655 :³
1311 597 1448 655 alea
1474 594 1724 674 quando

284 693 421 754 Hos
447 693 683 754 animos
697 693 728 751 ?
808 691 1032 771 Neque
1060 691 1230 753 enim
1253 691 1472 753 loculis
1500 690 1939 753 comitantibus
1963 687 2096 753 itm·

283 790 392 852 Ad
420 810 629 852 casum
655 790 922 864 tabulae,
951 789 1158 870 posita
1185 788 1293 850 sed
1323 789 1561 850 luditur
1588 807 1743 850 arca.
2234 802 2299 852 90

282 886 531 948 Proelia
558 896 790 967 quanta
815 887 942 948 illic
970 886 1395 966 dispensatore
1422 885 1663 947 videbis

282 984 649 1065 Armigero!
737 985 1091 1065 Simplexne
1119 982 1289 1043 furor
1315 983 1597 1044 sestertia
1624 992 1877 1045 centum

285 1080 554 1143 Perdere
583 1090 648 1143 et
674 1082 950 1144 horrenti
978 1079 1252 1141 tunicam
1281 1099 1408 1140 non
1436 1079 1694 1140 reddere
1723 1100 1903 1142 servo
1921 1081 1954 1142 i·

285 1178 443 1252 Quis
469 1178 734 1240 totidem
762 1178 960 1240 erexit
989 1177 1184 1250 villas,
1212 1175 1349 1255 quis
1376 1176 1606 1237 fercula
1634 1185 1872 1256 septem

287 1276 542 1338 Secreto
570 1275 859 1336 coenavit
887 1294 1039 1335 avus
1058 1275 1088 1334 ⁴?
1155 1271 1346 1332 Nunc
1374 1272 1653 1351 sportula
1679 1272 1879 1352 primo
2235 1288 2299 1335 95

285 1371 528 1433 Limine
555 1390 748 1453 parva
776 1371 951 1432 sedet
980 1371 1196 1432 turbae
1224 1368 1521 1449 rapienda
1547 1378 1818 1449 togatae.

287 1467 404 1528 Ille
432 1478 642 1529 tamen
670 1467 889 1528 faciem
916 1468 1085 1549 prius
1111 1466 1359 1547 inspicit
1388 1474 1453 1526 et
1479 1465 1771 1545 trepidat,
1797 1485 1877 1526 ne
1983 1453 1994 1460 ”

287 1565 655 1646 suppositus
682 1564 895 1625 venias
923 1584 996 1625 ac
1021 1565 1174 1628 falso
1201 1564 1451 1625 nomine
1480 1582 1715 1642 poscas.

283 1662 559 1743 Agnitus
588 1662 887 1742 accipies3
918 1662 1102 1744 jubet
1131 1682 1166 1723 a
1192 1680 1495 1742 praecone
1524 1659 1736 1721 vocari

284 1759 462 1839 Ipsos
490 1759 912 1840 Trojugenas3
955 1779 1099 1819 nam
1126 1768 1357 1820 vexant
1386 1758 1575 1819 limen
1605 1766 1670 1817 et
1697 1757 1816 1838 ipsi
2202 1772 2296 1818 100

283 1855 643 1917 Nobiscum.
724 1864 760 1893 ‘⁶
782 1856 884 1916 Da
909 1855 1209 1932 Praetori,
1239 1858 1320 1916 da
1348 1855 1574 1917 deinde
1605 1853 1935 1917 Tribuno.”

287 1953 412 2015 Sed
440 1954 763 2015 libertinus
790 1953 958 2034 prior
985 1964 1097 2015 est.
1178 1960 1212 1991 “
1233 1953 1463 2027 Prior,”
1491 1952 1714 2033 inquit,
1743 1959 1778 1990 ‘⁶
1800 1972 1919 2034 ego
1947 1951 2199 2013 adsum:

285 2051 414 2112 Cur
438 2051 692 2111 timeam
720 2051 1079 2112 dubitemve
1107 2053 1310 2111 locum
1341 2050 1690 2124 defendere,
1719 2049 2004 2130 quamvis

283 2148 489 2209 Natus
516 2148 595 2208 ad
624 2148 1006 2229 Euphraten,
1035 2147 1251 2207 molles
1279 2148 1446 2226 quod
1474 2147 1539 2208 in
1567 2167 1715 2208 aure
1742 2147 2047 2208 fenestrae

282 2244 624 2325 Arguerint
651 2244 798 2306 licet
823 2244 954 2324 ipse
983 2263 1243 2324 negem:
1283 2243 1394 2306 sed
1422 2244 1694 2326 quinque
1722 2245 2017 2306 tabernae
2199 2258 2296 2305 105

283 2341 756 2423 Quadringenta
783 2349 1018 2422 parant.
1099 2340 1267 2415 Quid
1296 2343 1536 2404 confert
1563 2362 1836 2425 purpura
1861 2343 2058 2423 major

282 2437 666 2519 optandum,
696 2439 748 2500 si
776 2438 1072 2500 Laurenti
1100 2439 1375 2501 custodit
1402 2440 1468 2503 in
1499 2461 1649 2523 agro

284 2536 638 2598 conductas
668 2537 973 2599 Corvinus
1001 2557 1148 2600 oves
1163 2539 1193 2599 ἰ’
1234 2558 1352 2620 ego
1381 2540 1667 2621 possideo
1694 2538 1833 2619 plus

281 2632 567 2694 Pallante
596 2641 660 2694 et
688 2631 968 2695 Licinis.”
1048 2634 1436 2716 Exspectent
1464 2656 1612 2717 ergo
1641 2633 1938 2708 Tribuni3

280 2729 555 2791 Vincant
583 2729 857 2806 divitiae,
889 2750 1060 2792 sacro
1088 2751 1205 2794 nec
1232 2734 1417 2795 cedat
1444 2731 1665 2793 honori
2201 2745 2295 2792 110

280 2826 500 2907 Nuper
524 2828 589 2889 in
616 2830 777 2890 hanc
806 2829 1020 2895 urbem
1047 2830 1310 2911 pedibus
1339 2830 1446 2910 qui
1477 2837 1729 2890 venerat
1758 2826 1952 2901 albis3

281 2925 801 3006 Quandoquidem
828 2925 994 2987 inter
1019 2946 1134 2987 nos
1162 2926 1548 2987 sanctissima
1575 2924 1933 2985 divitiarum

278 3022 589 3101 Majestas,
618 3022 734 3084 etsi
761 3024 1006 3085 fimesta
1032 3023 1311 3084 Pecunia
1335 3024 1571 3103 templo

279 3119 579 3182 Nondum
607 3121 867 3197 habitas,
896 3122 1097 3181 nullas
1126 3140 1520 3181 nummorum
1547 3120 1851 3182 ereximus
1879 3138 2031 3195 aras,

278 3217 376 3281 Ut
403 3218 626 3279 colitur
653 3217 792 3278 Pax
820 3228 1007 3298 atque
1035 3216 1243 3292 Fides,
1272 3216 1573 3292 Victoria,
1602 3217 1842 3292 Virtus,
2197 3230 2291 3275 115

195 3315 576 3454 stumque
607 3316 877 3376 salutato
905 3315 1167 3394 crepitat
1199 3315 1547 3376 Concordia
1573 3315 1738 3375 nido.

282 3412 406 3474 Sed
436 3432 628 3492 quum
654 3432 928 3474 summus
955 3412 1155 3473 honor
1179 3410 1356 3473 finito
1385 3421 1704 3492 computet
1730 3431 1894 3474 anno
