2734 4017
775 719 884 797 D.
960 719 1280 796 JUNII
1380 714 2032 798 JUVENALIS

979 950 1046 1047 S
1081 952 1179 1047 A
1217 950 1296 1049 T
1337 954 1392 1049 Ι
1429 949 1528 1047 R
1566 952 1653 1045 A
1694 947 1811 1044 E.

1177 1349 1506 1414 SATIRA
1559 1348 1612 1411 1.

390 1513 811 1659 SEMPER
837 1534 955 1595 ego
984 1511 1230 1574 auditor
1256 1512 1551 1573 tantum?
1591 1528 1989 1591 nunquamne
2016 1526 2312 1589 reponam

544 1611 829 1673 Vexatus
856 1611 1046 1687 to-tjes
1071 1610 1240 1671 rauci
1267 1608 1575 1670 Theseide
1606 1608 1797 1671 Codri
1815 1608 1845 1668 P

386 1708 651 1789 Impune
679 1728 827 1789 ergo
854 1706 1006 1767 mihi
1033 1706 1387 1768 recitaverit
1413 1706 1517 1766 ille
1546 1714 1810 1815 togatas,

389 1805 512 1867 Hic
539 1806 748 1886 elegos
766 1805 796 1865 P
834 1804 1086 1884 impune
1113 1803 1279 1863 diem
1308 1801 1756 1882 consumpserit
1783 1801 2004 1881 ingens

389 1901 719 1982 Telephus,
747 1909 855 1961 aut
883 1900 1105 1961 summi
1132 1900 1362 1999 plena
1333 1921 1469 1980 Jam
1496 1900 1774 1981 margine
1803 1887 1945 1960 miri

392 1999 672 2080 Scriptus
700 2007 765 2061 et
790 1998 856 2059 in
884 2009 1078 2079 terge,
1108 2018 1223 2058 nec
1185 1980 1403 2058 dum
1430 1997 1660 2073 finitus,
1691 1997 1942 2059 Orestes
1962 1997 1992 2057 ἰ’

388 2096 564 2157 Nota
588 2095 786 2177 magis
812 2096 968 2156 nulli
994 2096 1213 2156 domus
1243 2105 1337 2156 est
1358 2115 1471 2156 sua
1498 2114 1683 2175 quam
1710 2094 1864 2156 mihi
1890 2095 2066 2156 lucus

388 2191 628 2268 Martis,
656 2202 722 2253 et
748 2192 987 2253 Aeoliis
1014 2192 1287 2252 vicinum
1314 2192 1571 2272 rupibus
1599 2201 1847 2253 antrum

389 2289 676 2352 Vulcani.
757 2289 926 2362 Quid
955 2298 1145 2370 agant
1171 2289 1362 2363 venti,
1393 2308 1544 2368 quas
1571 2298 1860 2369 torqueat
1885 2288 2135 2349 umbras

390 2386 654 2462 Aeacus,
683 2387 848 2448 unde
877 2386 1031 2447 alius
1057 2385 1322 2460 furtivae
1353 2386 1624 2447 devehat
1652 2404 1870 2446 aurum

390 2483 739 2569 Pell-„iculaffi
769 2493 1030 2564 quantas
1046 2483 1356 2564 jaculetur
1380 2483 1731 2564 Monychus
1760 2503 1959 2557 ornos,

384 2581 724 2656 >Frontonis
751 2581 986 2662 platani
1016 2582 1432 2661 convulsaque
1461 2600 1767 2642 marmora
1794 2582 2063 2641 clamant

392 2678 648 2758 Semper
674 2688 740 2740 et
767 2678 1013 2760 assiduo
1039 2688 1259 2758 ruptae
1287 2680 1521 2739 lectore
1550 2677 1888 2740 columnae.

390 2775 728 2855 Exspectes
755 2774 975 2836 eadem
1001 2795 1038 2835 a
1066 2795 1306 2836 summo
1335 2776 1714 2856 minimoque
1741 2784 1944 2856 poeta.

389 2870 475 2932 Et
501 2892 614 2932 nos
643 2891 790 2951 ergo
817 2890 1071 2933 manum
1099 2873 1328 2956 ferulae
1357 2873 1782 2948 subduximus,
1812 2880 1876 2933 et
1903 2891 2017 2933 nos
2069 2941 2082 2960 Ι

391 2969 732 3029 Consilium
762 2968 1046 3030 dedimus
1062 2951 1285 3030 Sullae
1312 2970 1593 3050 privatus
1621 2978 1693 3031 ut
1722 2971 1918 3031 altum

390 3061 724 3123 Dormiret.
809 3062 1029 3124 Stulta
1044 3074 1141 3125 est
1168 3064 1513 3139 clementia,
1542 3084 1732 3145 quum
1759 3074 1857 3125 tot
1886 3063 2111 3143 ubique

389 3157 657 3239 Vat—ibus
684 3180 987 3235 occurras,
1014 3161 1321 3258 periturae
1348 3181 1600 3241 parcere
1630 3162 1897 3222 chartae.

471 3256 598 3317 Cur
624 3266 834 3318 tamen
862 3258 982 3318 hoc
1008 3258 1216 3338 potius
1244 3257 1437 3319 libeat
1466 3258 1787 3318 decurrere
1816 3276 2033 3337 campo

390 3349 514 3412 Per
541 3373 727 3433 quem
751 3372 1015 3434 magnus
1044 3373 1234 3433 equos
1261 3352 1595 3414 Auruncae
1623 3354 1796 3414 flexit
1824 3354 2125 3428 alumnae,

345 3455 352 3461 '
391 3447 460 3510 Si
486 3459 669 3512 vacat
696 3459 761 3511 et
788 3449 1017 3531 placidi
1044 3450 1350 3511 rationem
1378 3450 1728 3525 admittitis,
1757 3451 1956 3511 edam.

1382 3564 1411 3613 1

2342 2396 2405 2443 10

2342 2884 2406 2929 15

2339 3365 2403 3410 20

2152 3533 2202 3580 J
