2734 4017
1113 244 1387 293 sAzrrRA
1430 245 1505 293 x,
2275 224 2361 290 55

342 417 667 478 Bellorum
700 432 928 494 pompa
955 412 1226 473 animam
1254 412 1604 472 exhalasset
1630 410 1921 491 opimam,

344 517 562 589 Quum
590 514 670 573 de
699 511 1046 572 Teutonico
1075 510 1265 570 vellet
1293 507 1665 569 descendere
1694 508 1922 568 curru?

342 612 622 673 Provida
649 608 951 689 Pompeio
980 607 1237 667 dederat
1267 605 1607 686 Campania
1634 605 1834 665 febres

344 710 708 791 Optandas:
750 706 862 768 sed
890 706 1125 765 multae
1154 704 1338 764 urbes
1366 714 1433 764 et
1468 702 1716 783 publica
1743 711 1895 763 vota

341 808 670 868 Vicerunt.
749 804 955 885 Igitur
981 801 1265 862 Fortuna
1291 800 1483 880 ipsius
1512 808 1578 859 et
1604 797 1800 861 Urbis
2260 813 2359 859 285

345 904 679 965 Servatum
705 903 875 964 victo
905 910 1094 982 caput
1123 898 1399 959 abstulit.
1485 897 1629 958 Hoc
1655 896 1932 958 cruciatu
2215 911 2220 914 ·

340 1002 667 1076 Lentulus,
692 1001 810 1061 hac
835 1017 1039 1080 poena
1067 997 1284 1071 caruit,
1315 995 1660 1076 ceciditque
1690 995 2004 1075 Cethegus

339 1099 616 1180 Integer,
643 1108 709 1159 et
725 1097 925 1178 jacuit
957 1095 1229 1158 Catilina
1255 1093 1558 1154 cadavere
1586 1102 1742 1153 tote.

424 1196 720 1257 Formam
747 1203 926 1277 optat
955 1195 1202 1255 modico
1231 1193 1455 1273 pueris,
1483 1192 1713 1271 majore
1742 1192 1962 1272 puellis

338 1294 683 1367 Murmure,
711 1313 904 1374 quum
930 1291 1200 1353 Veneris
1227 1291 1439 1351 fanum
1469 1291 1646 1351 videt
1676 1291 1862 1350 anxia
1887 1298 2103 1365 mater,
2265 1304 2362 1352 290

339 1392 563 1473 Usque
593 1391 670 1451 ad
701 1391 951 1452 delicias
981 1399 1290 1452 votorum.
1372 1395 1408 1426 ‘⁴
1427 1388 1555 1450 Cur
1580 1387 1845 1463 tamen‚”
1876 1388 2095 1469 inquit,

341 1496 381 1526 ‘⁶
401 1489 715 1568 Corripias
734 1490 765 1549 ⁴?
847 1488 1119 1548 Pulchra
1144 1486 1379 1567 gaudet
1407 1485 1649 1546 Latona
1675 1485 1931 1547 Diana.”

342 1587 475 1647 Sed
502 1595 677 1646 vetat
703 1585 906 1665 optari
936 1584 1156 1645 faciem
1191 1582 1482 1644 Lucretia
1508 1584 1754 1664 qualem

340 1683 493 1764 Ipsa
519 1683 771 1743 habuit:
813 1692 1066 1762 cuperet
1096 1680 1351 1741 Rutilae
1380 1680 1669 1763 Virginia
1696 1680 1953 1761 gibbum

340 1781 647 1860 Accipere
677 1788 862 1860 atque
890 1799 1064 1839 suam
1094 1777 1346 1838 Rutilae
1377 1779 1542 1838 dare.
1624 1778 1823 1839 Filius
1853 1787 2061 1839 autem
2261 1793 2359 1840 295

343 1877 638 1957 Corporis
668 1876 900 1957 egregii
928 1877 1182 1936 miseros
1208 1874 1606 1956 trepidosque
1634 1885 1920 1956 parentes

345 1975 608 2054 Semper
634 1974 838 2034 habet.
920 1973 1087 2033 Rara
1115 1982 1210 2033 est
1238 1973 1395 2033 adeo
1424 1973 1754 2033 concordia
1779 1973 2012 2033 formae

342 2071 559 2151 Atque
586 2070 938 2150 pudicitiae.
1028 2070 1291 2131 Sanctos
1318 2069 1465 2131 licet
1492 2070 1741 2130 horrida
1767 2089 1970 2130 mores

343 2167 706 2227 Tradiderit
733 2167 953 2228 domus
981 2187 1054 2227 ac
1082 2176 1323 2227 veteres
1349 2167 1594 2228 imitata
1624 2168 1902 2241 Sabinos,

343 2266 682 2325 Praeterea
710 2276 949 2326 castum
977 2264 1295 2344 ingenium
1323 2264 1692 2344 vultumque
1722 2266 2004 2326 modesto
2263 2280 2356 2326 300

347 2363 667 2442 Sanguine
694 2362 1038 2422 ferventem
1066 2362 1300 2422 tribuat
1328 2372 1552 2422 natura
1577 2363 1849 2441 benigna

343 2460 551 2540 Larga
579 2478 802 2518 manu:
849 2459 1023 2538 (quid
1055 2459 1221 2518 enim
1250 2479 1441 2538 puero
1471 2460 1747 2521 conferre
1775 2468 1985 2539 potest
2010 2462 2151 2542 plus

345 2554 625 2615 Custode
655 2563 719 2614 et
748 2573 893 2614 cura
919 2561 1141 2614 natura
1167 2554 1483 2633 potentior
1510 2553 1678 2614 omni
1694 2554 1751 2632 P)

342 2651 496 2712 Non
524 2649 671 2711 licet
698 2669 830 2710 esse
859 2649 1039 2724 viros,
1068 2670 1211 2710 nam
1250 2650 1512 2730 prodiga
1539 2650 1915 2731 corruptoris

344 2747 721 2827 Improbitas
748 2748 913 2827 ipsos
941 2746 1131 2807 audet
1157 2758 1464 2826 temptare
1495 2758 1801 2827 parentes.
2262 2766 2356 2811 305

342 2845 552 2905 Tanta
576 2844 643 2905 in
671 2844 1025 2904 muneribus
1051 2843 1311 2904 fiducia}
1396 2843 1624 2905 Nullus
1653 2845 1960 2924 ephebum

342 2942 701 3003 Deformem
730 2960 916 3002 saeva
944 2941 1240 3001 castravit
1274 2941 1340 3001 in
1371 2961 1510 3001 arce
1537 2950 1876 3021 tyrannus3

343 3040 482 3100 Nec
508 3047 970 3119 praetextatum
998 3038 1207 3119 rapuit
1236 3038 1410 3100 Nero
1440 3039 1783 3119 loripedem
1813 3060 1927 3101 nec

348 3137 738 3197 Strumosum
768 3147 953 3217 atque
982 3147 1162 3198 utero
1188 3138 1422 3217 pariter
1449 3138 1762 3219 gibboque
1792 3147 2155 3200 tumentem.

345 3232 379 3292 I
407 3253 571 3294 nunc
599 3243 663 3294 et
681 3234 932 3313 juvenis
961 3235 1163 3315 specie
1191 3236 1423 3296 laetare
1452 3236 1562 3310 tui,
1595 3257 1778 3316 quem
2260 3251 2354 3297 310

344 3330 584 3410 Majora
613 3342 975 3412 exspectant
1004 3332 1395 3393 discrimina:
1437 3333 1546 3394 fiet
1575 3335 1819 3395 adulter

344 3426 660 3503 Publicus,
691 3438 755 3489 et
782 3450 1011 3510 poenas
1038 3438 1295 3503 metuet,
1325 3449 1720 3511 quascunque
1749 3431 1986 3492 maritis
