<?xml version="1.0" encoding="UTF-8"?>
<!DOCTYPE html PUBLIC "-//W3C//DTD XHTML 1.0 Transitional//EN"
    "http://www.w3.org/TR/xhtml1/DTD/xhtml1-transitional.dtd">
<html xmlns="http://www.w3.org/1999/xhtml" xml:lang="en" lang="en">
 <head>
  <title>
</title>
<meta http-equiv="Content-Type" content="text/html;charset=utf-8" />
  <meta name='ocr-system' content='tesseract 3.04.00' />
  <meta name='ocr-capabilities' content='ocr_page ocr_carea ocr_par ocr_line ocrx_word'/>
</head>
<body>
  <div class='ocr_page' id='page_1' title='image "./thirteensatires00unkngoog_0030.png"; bbox 0 0 2734 4017; ppageno 0'>
   <div class='ocr_carea' id='block_1_1' title="bbox 393 211 1782 277">
    <p class='ocr_par' dir='ltr' id='par_1_1' title="bbox 393 211 1782 277">
     <span class='ocr_line' id='line_1_1' title="bbox 393 211 1782 277; baseline -0.001 -1"><span class='ocrx_word' id='word_1_1' title='bbox 393 211 476 276; x_wconf 89' lang='lat'><strong>14</strong></span> <span class='ocrx_word' id='word_1_2' title='bbox 998 229 1069 275; x_wconf 85' lang='lat' dir='ltr'><strong>n.</strong></span> <span class='ocrx_word' id='word_1_3' title='bbox 1116 228 1323 277; x_wconf 79' lang='lat' dir='ltr'><strong>Jmm</strong></span> <span class='ocrx_word' id='word_1_4' title='bbox 1364 226 1782 276; x_wconf 74' lang='lat' dir='ltr'><strong>JUVENALIS</strong></span> 
     </span>
    </p>
   </div>
   <div class='ocr_carea' id='block_1_2' title="bbox 343 393 2127 3516">
    <p class='ocr_par' dir='ltr' id='par_1_2' title="bbox 389 393 1900 469">
     <span class='ocr_line' id='line_1_2' title="bbox 389 393 1900 469; baseline 0 -16"><span class='ocrx_word' id='word_1_5' title='bbox 389 393 566 454; x_wconf 88' lang='lat' dir='ltr'><strong>Haec</strong></span> <span class='ocrx_word' id='word_1_6' title='bbox 591 394 965 456; x_wconf 84' lang='lat' dir='ltr'>Asianorum</span> <span class='ocrx_word' id='word_1_7' title='bbox 992 403 1208 455; x_wconf 84' lang='lat' dir='ltr'><strong>vetera</strong></span> <span class='ocrx_word' id='word_1_8' title='bbox 1233 402 1598 469; x_wconf 85' lang='lat' dir='ltr'><strong>ornamenta</strong></span> <span class='ocrx_word' id='word_1_9' title='bbox 1624 393 1900 469; x_wconf 84' lang='lat' dir='ltr'><strong>deorum,</strong></span> 
     </span>
    </p>

    <p class='ocr_par' dir='ltr' id='par_1_3' title="bbox 386 490 2089 863">
     <span class='ocr_line' id='line_1_3' title="bbox 389 490 2089 570; baseline 0.001 -21"><span class='ocrx_word' id='word_1_10' title='bbox 389 491 514 550; x_wconf 93' lang='lat' dir='ltr'><strong>Hic</strong></span> <span class='ocrx_word' id='word_1_11' title='bbox 539 491 730 552; x_wconf 90' lang='lat' dir='ltr'><strong>libros</strong></span> <span class='ocrx_word' id='word_1_12' title='bbox 756 491 931 552; x_wconf 90' lang='lat' dir='ltr'><strong>dabit</strong></span> <span class='ocrx_word' id='word_1_13' title='bbox 959 502 1022 553; x_wconf 94' lang='lat' dir='ltr'><strong>et</strong></span> <span class='ocrx_word' id='word_1_14' title='bbox 1049 492 1280 552; x_wconf 86' lang='lat' dir='ltr'><strong>forulos</strong></span> <span class='ocrx_word' id='word_1_15' title='bbox 1306 491 1696 570; x_wconf 88' lang='lat' dir='ltr'><strong>mediamque</strong></span> <span class='ocrx_word' id='word_1_16' title='bbox 1722 490 2089 566; x_wconf 87' lang='lat' dir='ltr'><strong>Minervam,</strong></span> 
     </span>
     <span class='ocr_line' id='line_1_4' title="bbox 387 587 1988 669; baseline 0.001 -21"><span class='ocrx_word' id='word_1_17' title='bbox 387 587 512 649; x_wconf 92' lang='lat' dir='ltr'><strong>Hic</strong></span> <span class='ocrx_word' id='word_1_18' title='bbox 525 588 817 650; x_wconf 79' lang='lat' dir='ltr'><strong>modium</strong></span> <span class='ocrx_word' id='word_1_19' title='bbox 844 588 1123 669; x_wconf 78' lang='lat' dir='ltr'>argenti:</span> <span class='ocrx_word' id='word_1_20' title='bbox 1162 587 1420 649; x_wconf 84' lang='lat' dir='ltr'>meliora</span> <span class='ocrx_word' id='word_1_21' title='bbox 1447 596 1514 649; x_wconf 92' lang='lat' dir='ltr'><strong>et</strong></span> <span class='ocrx_word' id='word_1_22' title='bbox 1539 588 1719 668; x_wconf 86' lang='lat' dir='ltr'><strong>plura</strong></span> <span class='ocrx_word' id='word_1_23' title='bbox 1743 587 1988 668; x_wconf 87' lang='lat' dir='ltr'><strong>reponit</strong></span> 
     </span>
     <span class='ocr_line' id='line_1_5' title="bbox 386 684 1914 766; baseline 0.001 -21"><span class='ocrx_word' id='word_1_24' title='bbox 386 684 673 747; x_wconf 89' lang='lat' dir='ltr'><strong>Persicus</strong></span> <span class='ocrx_word' id='word_1_25' title='bbox 700 686 989 747; x_wconf 90' lang='lat' dir='ltr'><strong>orborum</strong></span> <span class='ocrx_word' id='word_1_26' title='bbox 1017 685 1410 760; x_wconf 76' lang='lat' dir='ltr'><strong>lautissimae,</strong></span> <span class='ocrx_word' id='word_1_27' title='bbox 1439 693 1507 745; x_wconf 93' lang='lat' dir='ltr'><strong>et</strong></span> <span class='ocrx_word' id='word_1_28' title='bbox 1533 685 1756 746; x_wconf 90' lang='lat' dir='ltr'><strong>merito</strong></span> <span class='ocrx_word' id='word_1_29' title='bbox 1777 685 1914 766; x_wconf 87' lang='lat' dir='ltr'><strong>jam</strong></span> 
     </span>
     <span class='ocr_line' id='line_1_6' title="bbox 389 782 1976 863; baseline 0.002 -20"><span class='ocrx_word' id='word_1_30' title='bbox 389 782 724 863; x_wconf 78' lang='lat' dir='ltr'><strong>Suspectus</strong></span> <span class='ocrx_word' id='word_1_31' title='bbox 750 792 1048 863; x_wconf 86' lang='lat' dir='ltr'><strong>tanquam</strong></span> <span class='ocrx_word' id='word_1_32' title='bbox 1072 782 1204 863; x_wconf 89' lang='lat' dir='ltr'><strong>ipse</strong></span> <span class='ocrx_word' id='word_1_33' title='bbox 1231 801 1375 844; x_wconf 86' lang='lat' dir='ltr'><strong>suas</strong></span> <span class='ocrx_word' id='word_1_34' title='bbox 1401 782 1747 845; x_wconf 86' lang='lat' dir='ltr'><strong>incenderit</strong></span> <span class='ocrx_word' id='word_1_35' title='bbox 1774 784 1976 847; x_wconf 86' lang='lat' dir='ltr'><strong>aedes.</strong></span> 
     </span>
    </p>

    <p class='ocr_par' dir='ltr' id='par_1_4' title="bbox 388 879 1795 960">
     <span class='ocr_line' id='line_1_7' title="bbox 388 879 1795 960; baseline 0.003 -20"><span class='ocrx_word' id='word_1_36' title='bbox 388 880 455 940; x_wconf 88' lang='lat' dir='ltr'><strong>Si</strong></span> <span class='ocrx_word' id='word_1_37' title='bbox 482 889 661 960; x_wconf 91' lang='lat' dir='ltr'><strong>potes</strong></span> <span class='ocrx_word' id='word_1_38' title='bbox 689 879 873 941; x_wconf 88' lang='lat' dir='ltr'><strong>avelli</strong></span> <span class='ocrx_word' id='word_1_39' title='bbox 901 879 1308 954; x_wconf 81' lang='lat' dir='ltr'><strong>Circensibus,</strong></span> <span class='ocrx_word' id='word_1_40' title='bbox 1337 880 1575 960; x_wconf 86' lang='lat' dir='ltr'><strong>optima</strong></span> <span class='ocrx_word' id='word_1_41' title='bbox 1603 881 1795 944; x_wconf 86' lang='lat' dir='ltr'><strong>Sorae</strong></span> 
     </span>
    </p>

    <p class='ocr_par' dir='ltr' id='par_1_5' title="bbox 343 975 2124 1348">
     <span class='ocr_line' id='line_1_8' title="bbox 343 975 2003 1062; baseline 0.004 -26"><span class='ocrx_word' id='word_1_42' title='bbox 343 998 352 1009; x_wconf 92' lang='lat'><strong>·</strong></span> <span class='ocrx_word' id='word_1_43' title='bbox 383 979 521 1039; x_wconf 92' lang='lat' dir='ltr'><strong>Aut</strong></span> <span class='ocrx_word' id='word_1_44' title='bbox 548 976 944 1038; x_wconf 72' lang='lat' dir='ltr'><strong>Fabrateriae</strong></span> <span class='ocrx_word' id='word_1_45' title='bbox 973 977 1195 1037; x_wconf 89' lang='lat' dir='ltr'><strong>domus</strong></span> <span class='ocrx_word' id='word_1_46' title='bbox 1223 985 1333 1038; x_wconf 91' lang='lat' dir='ltr'><strong>aut</strong></span> <span class='ocrx_word' id='word_1_47' title='bbox 1360 975 1707 1040; x_wconf 83' lang='lat' dir='ltr'><strong>Frusinone</strong></span> <span class='ocrx_word' id='word_1_48' title='bbox 1734 989 2003 1062; x_wconf 89' lang='lat' dir='ltr'><strong>paratur,</strong></span> 
     </span>
     <span class='ocr_line' id='line_1_9' title="bbox 386 1073 2054 1147; baseline 0.005 -14"><span class='ocrx_word' id='word_1_49' title='bbox 386 1073 623 1147; x_wconf 85' lang='lat' dir='ltr'><strong>Quanti</strong></span> <span class='ocrx_word' id='word_1_50' title='bbox 649 1094 814 1135; x_wconf 89' lang='lat' dir='ltr'><strong>nunc</strong></span> <span class='ocrx_word' id='word_1_51' title='bbox 840 1074 1127 1135; x_wconf 89' lang='lat' dir='ltr'><strong>tenebras</strong></span> <span class='ocrx_word' id='word_1_52' title='bbox 1157 1094 1348 1135; x_wconf 87' lang='lat' dir='ltr'><strong>unum</strong></span> <span class='ocrx_word' id='word_1_53' title='bbox 1378 1076 1672 1138; x_wconf 89' lang='lat' dir='ltr'><strong>conducis</strong></span> <span class='ocrx_word' id='word_1_54' title='bbox 1700 1078 1766 1138; x_wconf 87' lang='lat' dir='ltr'><strong>in</strong></span> <span class='ocrx_word' id='word_1_55' title='bbox 1808 1098 2054 1141; x_wconf 83' lang='lat' dir='ltr'><strong>annum.</strong></span> 
     </span>
     <span class='ocr_line' id='line_1_10' title="bbox 385 1170 2124 1251; baseline 0.007 -22"><span class='ocrx_word' id='word_1_56' title='bbox 385 1170 689 1231; x_wconf 83' lang='lat' dir='ltr'><strong>Hortulus</strong></span> <span class='ocrx_word' id='word_1_57' title='bbox 716 1171 818 1231; x_wconf 88' lang='lat' dir='ltr'><strong>hic</strong></span> <span class='ocrx_word' id='word_1_58' title='bbox 843 1181 1189 1251; x_wconf 90' lang='lat' dir='ltr'><strong>puteusque</strong></span> <span class='ocrx_word' id='word_1_59' title='bbox 1214 1172 1421 1233; x_wconf 89' lang='lat' dir='ltr'><strong>brevis</strong></span> <span class='ocrx_word' id='word_1_60' title='bbox 1448 1193 1566 1235; x_wconf 91' lang='lat' dir='ltr'><strong>nec</strong></span> <span class='ocrx_word' id='word_1_61' title='bbox 1590 1185 1754 1236; x_wconf 88' lang='lat' dir='ltr'><strong>reste</strong></span> <span class='ocrx_word' id='word_1_62' title='bbox 1779 1179 2124 1240; x_wconf 88' lang='lat' dir='ltr'><strong>movendus</strong></span> 
     </span>
     <span class='ocr_line' id='line_1_11' title="bbox 381 1267 1827 1348; baseline 0.006 -21"><span class='ocrx_word' id='word_1_63' title='bbox 381 1267 458 1327; x_wconf 88' lang='lat' dir='ltr'><strong>In</strong></span> <span class='ocrx_word' id='word_1_64' title='bbox 488 1277 705 1328; x_wconf 89' lang='lat' dir='ltr'><strong>tenues</strong></span> <span class='ocrx_word' id='word_1_65' title='bbox 731 1269 975 1348; x_wconf 84' lang='lat' dir='ltr'><strong>plantas</strong></span> <span class='ocrx_word' id='word_1_66' title='bbox 1000 1268 1164 1329; x_wconf 89' lang='lat' dir='ltr'><strong>facili</strong></span> <span class='ocrx_word' id='word_1_67' title='bbox 1191 1269 1560 1332; x_wconf 88' lang='lat' dir='ltr'><strong>diffunditur</strong></span> <span class='ocrx_word' id='word_1_68' title='bbox 1585 1272 1827 1335; x_wconf 88' lang='lat' dir='ltr'><strong>haustu.</strong></span> 
     </span>
    </p>

    <p class='ocr_par' dir='ltr' id='par_1_6' title="bbox 380 1366 2042 1728">
     <span class='ocr_line' id='line_1_12' title="bbox 383 1366 1936 1453; baseline 0.004 -27"><span class='ocrx_word' id='word_1_69' title='bbox 383 1366 547 1427; x_wconf 90' lang='lat' dir='ltr'><strong>Vive</strong></span> <span class='ocrx_word' id='word_1_70' title='bbox 574 1366 845 1427; x_wconf 86' lang='lat' dir='ltr'><strong>bidentis</strong></span> <span class='ocrx_word' id='word_1_71' title='bbox 873 1385 1085 1428; x_wconf 89' lang='lat' dir='ltr'><strong>amans</strong></span> <span class='ocrx_word' id='word_1_72' title='bbox 1113 1376 1177 1428; x_wconf 91' lang='lat' dir='ltr'><strong>et</strong></span> <span class='ocrx_word' id='word_1_73' title='bbox 1204 1367 1357 1429; x_wconf 88' lang='lat' dir='ltr'><strong>culti</strong></span> <span class='ocrx_word' id='word_1_74' title='bbox 1385 1368 1625 1431; x_wconf 80' lang='lat' dir='ltr'><strong>villicus</strong></span> <span class='ocrx_word' id='word_1_75' title='bbox 1651 1370 1833 1447; x_wconf 89' lang='lat' dir='ltr'><strong>horti,</strong></span> <span class='ocrx_word' id='word_1_76' title='bbox 1934 1450 1936 1453; x_wconf 6' lang='grc' dir='ltr'><em>Α</em></span> 
     </span>
     <span class='ocr_line' id='line_1_13' title="bbox 381 1463 1988 1551; baseline 0.004 -24"><span class='ocrx_word' id='word_1_77' title='bbox 381 1463 574 1527; x_wconf 87' lang='lat' dir='ltr'><strong>Unde</strong></span> <span class='ocrx_word' id='word_1_78' title='bbox 602 1466 854 1545; x_wconf 89' lang='lat' dir='ltr'><strong>epulum</strong></span> <span class='ocrx_word' id='word_1_79' title='bbox 881 1464 1076 1546; x_wconf 88' lang='lat' dir='ltr'><strong>possis</strong></span> <span class='ocrx_word' id='word_1_80' title='bbox 1104 1475 1355 1528; x_wconf 87' lang='lat' dir='ltr'><strong>centum</strong></span> <span class='ocrx_word' id='word_1_81' title='bbox 1383 1467 1532 1528; x_wconf 88' lang='lat' dir='ltr'><strong>dare</strong></span> <span class='ocrx_word' id='word_1_82' title='bbox 1561 1468 1988 1551; x_wconf 83' lang='lat' dir='ltr'><strong>Pythagoreis.</strong></span> 
     </span>
     <span class='ocr_line' id='line_1_14' title="bbox 380 1563 2042 1648; baseline 0.004 -24"><span class='ocrx_word' id='word_1_83' title='bbox 380 1563 498 1624; x_wconf 88' lang='lat' dir='ltr'><strong>Est</strong></span> <span class='ocrx_word' id='word_1_84' title='bbox 526 1563 776 1643; x_wconf 87' lang='lat' dir='ltr'><strong>aliquid,</strong></span> <span class='ocrx_word' id='word_1_85' title='bbox 807 1583 1173 1644; x_wconf 88' lang='lat' dir='ltr'><strong>quocunque</strong></span> <span class='ocrx_word' id='word_1_86' title='bbox 1200 1565 1355 1640; x_wconf 90' lang='lat' dir='ltr'><strong>loco,</strong></span> <span class='ocrx_word' id='word_1_87' title='bbox 1389 1585 1754 1648; x_wconf 89' lang='lat' dir='ltr'><strong>quocunque</strong></span> <span class='ocrx_word' id='word_1_88' title='bbox 1781 1588 2042 1646; x_wconf 88' lang='lat' dir='ltr'><strong>recessu,</strong></span> 
     </span>
     <span class='ocr_line' id='line_1_15' title="bbox 380 1661 1648 1728; baseline 0.002 -4"><span class='ocrx_word' id='word_1_89' title='bbox 380 1661 589 1725; x_wconf 89' lang='lat' dir='ltr'><strong>Unius</strong></span> <span class='ocrx_word' id='word_1_90' title='bbox 615 1682 747 1723; x_wconf 90' lang='lat' dir='ltr'><strong>sese</strong></span> <span class='ocrx_word' id='word_1_91' title='bbox 775 1662 1096 1724; x_wconf 90' lang='lat' dir='ltr'><strong>dominum</strong></span> <span class='ocrx_word' id='word_1_92' title='bbox 1120 1663 1335 1724; x_wconf 87' lang='lat' dir='ltr'><strong>fecisse</strong></span> <span class='ocrx_word' id='word_1_93' title='bbox 1362 1664 1648 1728; x_wconf 88' lang='lat' dir='ltr'><strong>lacertae.</strong></span> 
     </span>
    </p>

    <p class='ocr_par' dir='ltr' id='par_1_7' title="bbox 374 1760 2127 2433">
     <span class='ocr_line' id='line_1_16' title="bbox 459 1760 2127 1844; baseline 0.002 -22"><span class='ocrx_word' id='word_1_94' title='bbox 459 1760 771 1824; x_wconf 89' lang='lat' dir='ltr'><strong>Plurimus</strong></span> <span class='ocrx_word' id='word_1_95' title='bbox 797 1762 899 1824; x_wconf 86' lang='lat' dir='ltr'><strong>hic</strong></span> <span class='ocrx_word' id='word_1_96' title='bbox 926 1783 1109 1844; x_wconf 87' lang='lat' dir='ltr'><strong>aeger</strong></span> <span class='ocrx_word' id='word_1_97' title='bbox 1133 1763 1396 1824; x_wconf 89' lang='lat' dir='ltr'><strong>moritur</strong></span> <span class='ocrx_word' id='word_1_98' title='bbox 1420 1763 1774 1844; x_wconf 87' lang='lat' dir='ltr'><strong>vigilando:</strong></span> <span class='ocrx_word' id='word_1_99' title='bbox 1814 1765 1925 1826; x_wconf 91' lang='lat' dir='ltr'><strong>sed</strong></span> <span class='ocrx_word' id='word_1_100' title='bbox 1951 1765 2127 1827; x_wconf 90' lang='lat' dir='ltr'><strong>illum</strong></span> 
     </span>
     <span class='ocr_line' id='line_1_17' title="bbox 377 1853 2036 1944; baseline 0.001 -22"><span class='ocrx_word' id='word_1_101' title='bbox 377 1859 766 1943; x_wconf 67' lang='lat' dir='ltr'><strong>Languor-em</strong></span> <span class='ocrx_word' id='word_1_102' title='bbox 792 1862 1035 1944; x_wconf 90' lang='lat' dir='ltr'><strong>peperit</strong></span> <span class='ocrx_word' id='word_1_103' title='bbox 1062 1862 1234 1923; x_wconf 88' lang='lat' dir='ltr'><strong>cibus</strong></span> <span class='ocrx_word' id='word_1_104' title='bbox 1261 1853 1656 1942; x_wconf 83' lang='lat' dir='ltr'><strong>imperfectus</strong></span> <span class='ocrx_word' id='word_1_105' title='bbox 1684 1871 1750 1924; x_wconf 88' lang='lat' dir='ltr'><strong>et</strong></span> <span class='ocrx_word' id='word_1_106' title='bbox 1776 1864 2036 1924; x_wconf 89' lang='lat' dir='ltr'><strong>haerens</strong></span> 
     </span>
     <span class='ocr_line' id='line_1_18' title="bbox 376 1959 2104 2040; baseline 0.001 -20"><span class='ocrx_word' id='word_1_107' title='bbox 376 1961 647 2023; x_wconf 85' lang='lat' dir='ltr'><strong>Ardenti</strong></span> <span class='ocrx_word' id='word_1_108' title='bbox 674 1963 1011 2024; x_wconf 88' lang='lat' dir='ltr'><strong>stomacho.</strong></span> <span class='ocrx_word' id='word_1_109' title='bbox 1093 1959 1261 2020; x_wconf 88' lang='lat' dir='ltr'><strong>Nam</strong></span> <span class='ocrx_word' id='word_1_110' title='bbox 1291 1980 1448 2040; x_wconf 88' lang='lat' dir='ltr'><strong>quae</strong></span> <span class='ocrx_word' id='word_1_111' title='bbox 1476 1960 1792 2022; x_wconf 87' lang='lat' dir='ltr'><strong>meritoria</strong></span> <span class='ocrx_word' id='word_1_112' title='bbox 1818 1980 2104 2022; x_wconf 89' lang='lat' dir='ltr'><strong>somnum</strong></span> 
     </span>
     <span class='ocr_line' id='line_1_19' title="bbox 376 2053 2125 2140; baseline 0.001 -21"><span class='ocrx_word' id='word_1_113' title='bbox 376 2059 747 2122; x_wconf 87' lang='lat' dir='ltr'><strong>Admittunt</strong></span> <span class='ocrx_word' id='word_1_114' title='bbox 765 2061 795 2121; x_wconf 71' lang='grc' dir='ltr'><strong>ἰ’</strong></span> <span class='ocrx_word' id='word_1_115' title='bbox 875 2058 1122 2140; x_wconf 87' lang='lat' dir='ltr'><strong>Magnis</strong></span> <span class='ocrx_word' id='word_1_116' title='bbox 1151 2058 1369 2139; x_wconf 91' lang='lat' dir='ltr'><strong>opibus</strong></span> <span class='ocrx_word' id='word_1_117' title='bbox 1399 2058 1702 2119; x_wconf 87' lang='lat' dir='ltr'><strong>dormitur</strong></span> <span class='ocrx_word' id='word_1_118' title='bbox 1727 2057 1792 2119; x_wconf 93' lang='lat' dir='ltr'><strong>in</strong></span> <span class='ocrx_word' id='word_1_119' title='bbox 1819 2058 2014 2122; x_wconf 88' lang='lat' dir='ltr'><strong>Urbe.</strong></span> <span class='ocrx_word' id='word_1_120' title='bbox 2120 2053 2125 2057; x_wconf 45' lang='lat'><strong>⁴</strong></span> 
     </span>
     <span class='ocr_line' id='line_1_20' title="bbox 375 2156 1922 2238; baseline 0 -21"><span class='ocrx_word' id='word_1_121' title='bbox 375 2156 534 2218; x_wconf 88' lang='lat' dir='ltr'><strong>Inde</strong></span> <span class='ocrx_word' id='word_1_122' title='bbox 563 2167 748 2238; x_wconf 87' lang='lat' dir='ltr'><strong>caput</strong></span> <span class='ocrx_word' id='word_1_123' title='bbox 773 2157 989 2219; x_wconf 91' lang='lat' dir='ltr'><strong>morbi.</strong></span> <span class='ocrx_word' id='word_1_124' title='bbox 1073 2156 1432 2217; x_wconf 85' lang='lat' dir='ltr'><strong>Rhedarum</strong></span> <span class='ocrx_word' id='word_1_125' title='bbox 1460 2156 1758 2218; x_wconf 87' lang='lat' dir='ltr'><strong>transitus</strong></span> <span class='ocrx_word' id='word_1_126' title='bbox 1786 2161 1922 2218; x_wconf 86' lang='lat' dir='ltr'><strong>ar&#39;to</strong></span> 
     </span>
     <span class='ocr_line' id='line_1_21' title="bbox 374 2253 1899 2335; baseline -0.001 -19"><span class='ocrx_word' id='word_1_127' title='bbox 374 2253 674 2316; x_wconf 89' lang='lat' dir='ltr'><strong>Vicorum</strong></span> <span class='ocrx_word' id='word_1_128' title='bbox 701 2256 933 2317; x_wconf 84' lang='lat' dir='ltr'><strong>inflexu</strong></span> <span class='ocrx_word' id='word_1_129' title='bbox 962 2263 1025 2316; x_wconf 92' lang='lat' dir='ltr'><strong>et</strong></span> <span class='ocrx_word' id='word_1_130' title='bbox 1053 2254 1272 2316; x_wconf 88' lang='lat' dir='ltr'><strong>stantis</strong></span> <span class='ocrx_word' id='word_1_131' title='bbox 1300 2254 1579 2316; x_wconf 87' lang='lat' dir='ltr'><strong>convicia</strong></span> <span class='ocrx_word' id='word_1_132' title='bbox 1604 2254 1899 2335; x_wconf 84' lang='lat' dir='ltr'><strong>mandrae</strong></span> 
     </span>
     <span class='ocr_line' id='line_1_22' title="bbox 374 2351 1858 2433; baseline 0.002 -22"><span class='ocrx_word' id='word_1_133' title='bbox 374 2351 660 2433; x_wconf 89' lang='lat' dir='ltr'><strong>Eripient</strong></span> <span class='ocrx_word' id='word_1_134' title='bbox 687 2371 971 2415; x_wconf 92' lang='lat' dir='ltr'><strong>somnum</strong></span> <span class='ocrx_word' id='word_1_135' title='bbox 996 2351 1202 2413; x_wconf 90' lang='lat' dir='ltr'><strong>Druso</strong></span> <span class='ocrx_word' id='word_1_136' title='bbox 1231 2352 1564 2432; x_wconf 87' lang='lat' dir='ltr'><strong>vitulisque</strong></span> <span class='ocrx_word' id='word_1_137' title='bbox 1593 2351 1858 2414; x_wconf 88' lang='lat' dir='ltr'><strong>marinis.</strong></span> 
     </span>
    </p>

    <p class='ocr_par' dir='ltr' id='par_1_8' title="bbox 376 2451 1756 2528">
     <span class='ocr_line' id='line_1_23' title="bbox 376 2451 1756 2528; baseline 0.003 -18"><span class='ocrx_word' id='word_1_138' title='bbox 376 2451 443 2511; x_wconf 88' lang='lat' dir='ltr'><strong>Si</strong></span> <span class='ocrx_word' id='word_1_139' title='bbox 472 2462 656 2514; x_wconf 87' lang='lat' dir='ltr'><strong>vocat</strong></span> <span class='ocrx_word' id='word_1_140' title='bbox 682 2453 967 2528; x_wconf 90' lang='lat' dir='ltr'><strong>officium,</strong></span> <span class='ocrx_word' id='word_1_141' title='bbox 993 2453 1177 2514; x_wconf 90' lang='lat' dir='ltr'><strong>turba</strong></span> <span class='ocrx_word' id='word_1_142' title='bbox 1203 2454 1464 2514; x_wconf 90' lang='lat' dir='ltr'><strong>cedente</strong></span> <span class='ocrx_word' id='word_1_143' title='bbox 1491 2454 1756 2514; x_wconf 85' lang='lat' dir='ltr'><strong>vehetur</strong></span> 
     </span>
    </p>

    <p class='ocr_par' dir='ltr' id='par_1_9' title="bbox 368 2547 2116 3516">
     <span class='ocr_line' id='line_1_24' title="bbox 373 2547 1827 2632; baseline 0.003 -23"><span class='ocrx_word' id='word_1_144' title='bbox 373 2547 566 2610; x_wconf 90' lang='lat' dir='ltr'><strong>Dives</strong></span> <span class='ocrx_word' id='word_1_145' title='bbox 595 2559 659 2611; x_wconf 90' lang='lat' dir='ltr'><strong>et</strong></span> <span class='ocrx_word' id='word_1_146' title='bbox 686 2549 926 2631; x_wconf 90' lang='lat' dir='ltr'><strong>ingenti</strong></span> <span class='ocrx_word' id='word_1_147' title='bbox 956 2560 1160 2612; x_wconf 89' lang='lat' dir='ltr'><strong>curret</strong></span> <span class='ocrx_word' id='word_1_148' title='bbox 1188 2571 1373 2632; x_wconf 91' lang='lat' dir='ltr'><strong>super</strong></span> <span class='ocrx_word' id='word_1_149' title='bbox 1399 2571 1507 2613; x_wconf 89' lang='lat' dir='ltr'><strong>ora</strong></span> <span class='ocrx_word' id='word_1_150' title='bbox 1533 2552 1827 2628; x_wconf 90' lang='lat' dir='ltr'><strong>Liburno,</strong></span> 
     </span>
     <span class='ocr_line' id='line_1_25' title="bbox 372 2646 2035 2729; baseline 0.002 -23"><span class='ocrx_word' id='word_1_151' title='bbox 372 2646 584 2727; x_wconf 90' lang='lat' dir='ltr'><strong>Atque</strong></span> <span class='ocrx_word' id='word_1_152' title='bbox 612 2647 814 2708; x_wconf 89' lang='lat' dir='ltr'><strong>obiter</strong></span> <span class='ocrx_word' id='word_1_153' title='bbox 839 2648 1008 2729; x_wconf 90' lang='lat' dir='ltr'><strong>leget</strong></span> <span class='ocrx_word' id='word_1_154' title='bbox 1036 2658 1145 2710; x_wconf 92' lang='lat' dir='ltr'><strong>aut</strong></span> <span class='ocrx_word' id='word_1_155' title='bbox 1173 2649 1399 2711; x_wconf 89' lang='lat' dir='ltr'><strong>scribet</strong></span> <span class='ocrx_word' id='word_1_156' title='bbox 1426 2650 1528 2709; x_wconf 88' lang='lat' dir='ltr'><strong>vel</strong></span> <span class='ocrx_word' id='word_1_157' title='bbox 1558 2649 1823 2710; x_wconf 89' lang='lat' dir='ltr'><strong>dormiet</strong></span> <span class='ocrx_word' id='word_1_158' title='bbox 1850 2648 2035 2723; x_wconf 83' lang='lat' dir='ltr'><strong>intus,</strong></span> 
     </span>
     <span class='ocr_line' id='line_1_26' title="bbox 374 2743 1933 2826; baseline 0.002 -23"><span class='ocrx_word' id='word_1_159' title='bbox 374 2743 659 2826; x_wconf 88' lang='lat' dir='ltr'><strong>Namque</strong></span> <span class='ocrx_word' id='word_1_160' title='bbox 685 2744 833 2807; x_wconf 74' lang='lat' dir='ltr'><strong>flacit</strong></span> <span class='ocrx_word' id='word_1_161' title='bbox 860 2766 1144 2807; x_wconf 89' lang='lat' dir='ltr'><strong>somnum</strong></span> <span class='ocrx_word' id='word_1_162' title='bbox 1171 2747 1379 2807; x_wconf 88' lang='lat' dir='ltr'><strong>clausa</strong></span> <span class='ocrx_word' id='word_1_163' title='bbox 1404 2746 1625 2806; x_wconf 89' lang='lat' dir='ltr'><strong>lectica</strong></span> <span class='ocrx_word' id='word_1_164' title='bbox 1649 2746 1933 2806; x_wconf 86' lang='lat' dir='ltr'><strong>fenestra.</strong></span> 
     </span>
     <span class='ocr_line' id='line_1_27' title="bbox 371 2842 2022 2923; baseline 0.003 -24"><span class='ocrx_word' id='word_1_165' title='bbox 371 2842 541 2901; x_wconf 85' lang='lat' dir='ltr'><strong>Ante</strong></span> <span class='ocrx_word' id='word_1_166' title='bbox 570 2851 778 2903; x_wconf 87' lang='lat' dir='ltr'><strong>tamen</strong></span> <span class='ocrx_word' id='word_1_167' title='bbox 808 2843 1054 2905; x_wconf 86' lang='lat' dir='ltr'><strong>veniet:</strong></span> <span class='ocrx_word' id='word_1_168' title='bbox 1092 2842 1270 2904; x_wconf 91' lang='lat' dir='ltr'><strong>nobis</strong></span> <span class='ocrx_word' id='word_1_169' title='bbox 1296 2842 1766 2923; x_wconf 87' lang='lat' dir='ltr'><strong>properantibus</strong></span> <span class='ocrx_word' id='word_1_170' title='bbox 1794 2843 2022 2921; x_wconf 77' lang='lat' dir='ltr'><strong>obstat</strong></span> 
     </span>
     <span class='ocr_line' id='line_1_28' title="bbox 372 2933 2116 3021; baseline 0.003 -24"><span class='ocrx_word' id='word_1_171' title='bbox 372 2935 564 2998; x_wconf 86' lang='lat' dir='ltr'><strong>Unda</strong></span> <span class='ocrx_word' id='word_1_172' title='bbox 589 2939 772 3020; x_wconf 89' lang='lat' dir='ltr'><strong>prior,</strong></span> <span class='ocrx_word' id='word_1_173' title='bbox 800 2933 1030 3021; x_wconf 77' lang='lat' dir='ltr'><strong>magno</strong></span> <span class='ocrx_word' id='word_1_174' title='bbox 1056 2939 1322 3019; x_wconf 89' lang='lat' dir='ltr'><strong>populus</strong></span> <span class='ocrx_word' id='word_1_175' title='bbox 1347 2936 1575 3018; x_wconf 90' lang='lat' dir='ltr'><strong>premit</strong></span> <span class='ocrx_word' id='word_1_176' title='bbox 1603 2938 1847 3019; x_wconf 87' lang='lat' dir='ltr'><strong>agmine</strong></span> <span class='ocrx_word' id='word_1_177' title='bbox 1873 2940 2116 3002; x_wconf 85' lang='lat' dir='ltr'><strong>lumbos</strong></span> 
     </span>
     <span class='ocr_line' id='line_1_29' title="bbox 372 3033 1993 3116; baseline 0.002 -22"><span class='ocrx_word' id='word_1_178' title='bbox 372 3033 496 3105; x_wconf 81' lang='lat' dir='ltr'><strong>Qui</strong></span> <span class='ocrx_word' id='word_1_179' title='bbox 525 3036 838 3116; x_wconf 86' lang='lat' dir='ltr'><strong>sequitur3</strong></span> <span class='ocrx_word' id='word_1_180' title='bbox 879 3037 1023 3098; x_wconf 87' lang='lat' dir='ltr'><strong>ferit</strong></span> <span class='ocrx_word' id='word_1_181' title='bbox 1049 3035 1151 3096; x_wconf 89' lang='lat' dir='ltr'><strong>hic</strong></span> <span class='ocrx_word' id='word_1_182' title='bbox 1179 3034 1407 3109; x_wconf 89' lang='lat' dir='ltr'><strong>cubito,</strong></span> <span class='ocrx_word' id='word_1_183' title='bbox 1437 3033 1581 3095; x_wconf 89' lang='lat' dir='ltr'><strong>ferit</strong></span> <span class='ocrx_word' id='word_1_184' title='bbox 1609 3054 1808 3096; x_wconf 88' lang='lat' dir='ltr'><strong>assere</strong></span> <span class='ocrx_word' id='word_1_185' title='bbox 1836 3036 1993 3098; x_wconf 89' lang='lat' dir='ltr'><strong>duro</strong></span> 
     </span>
     <span class='ocr_line' id='line_1_30' title="bbox 369 3113 2053 3214; baseline 0.004 -25"><span class='ocrx_word' id='word_1_186' title='bbox 369 3131 568 3207; x_wconf 88' lang='lat' dir='ltr'><strong>Alter,</strong></span> <span class='ocrx_word' id='word_1_187' title='bbox 599 3143 665 3194; x_wconf 83' lang='lat' dir='ltr'><strong>at</strong></span> <span class='ocrx_word' id='word_1_188' title='bbox 691 3133 792 3195; x_wconf 86' lang='lat' dir='ltr'><strong>hic</strong></span> <span class='ocrx_word' id='word_1_189' title='bbox 818 3113 1064 3214; x_wconf 80' lang='lat' dir='ltr'><strong>tignum</strong></span> <span class='ocrx_word' id='word_1_190' title='bbox 1093 3131 1281 3210; x_wconf 89' lang='lat' dir='ltr'><strong>capiti</strong></span> <span class='ocrx_word' id='word_1_191' title='bbox 1306 3131 1549 3206; x_wconf 89' lang='lat' dir='ltr'><strong>incutit,</strong></span> <span class='ocrx_word' id='word_1_192' title='bbox 1576 3132 1680 3193; x_wconf 89' lang='lat' dir='ltr'><strong>ille</strong></span> <span class='ocrx_word' id='word_1_193' title='bbox 1706 3143 2053 3195; x_wconf 88' lang='lat' dir='ltr'><strong>metretam.</strong></span> 
     </span>
     <span class='ocr_line' id='line_1_31' title="bbox 370 3226 1994 3313; baseline 0.004 -27"><span class='ocrx_word' id='word_1_194' title='bbox 370 3226 638 3310; x_wconf 84' lang='lat' dir='ltr'><strong>Pinguia</strong></span> <span class='ocrx_word' id='word_1_195' title='bbox 666 3250 843 3291; x_wconf 86' lang='lat' dir='ltr'><strong>crura</strong></span> <span class='ocrx_word' id='word_1_196' title='bbox 869 3232 1020 3304; x_wconf 90' lang='lat' dir='ltr'><strong>lut0,</strong></span> <span class='ocrx_word' id='word_1_197' title='bbox 1048 3229 1264 3309; x_wconf 85' lang='lat' dir='ltr'><strong>planta</strong></span> <span class='ocrx_word' id='word_1_198' title='bbox 1292 3248 1439 3288; x_wconf 87' lang='lat' dir='ltr'><strong>mox</strong></span> <span class='ocrx_word' id='word_1_199' title='bbox 1466 3228 1738 3310; x_wconf 88' lang='lat' dir='ltr'><strong>undique</strong></span> <span class='ocrx_word' id='word_1_200' title='bbox 1764 3250 1994 3313; x_wconf 86' lang='lat' dir='ltr'><strong>magna</strong></span> 
     </span>
     <span class='ocr_line' id='line_1_32' title="bbox 371 3325 2015 3407; baseline 0.002 -22"><span class='ocrx_word' id='word_1_201' title='bbox 371 3325 605 3401; x_wconf 72' lang='lat' dir='ltr'><strong>calcor,</strong></span> <span class='ocrx_word' id='word_1_202' title='bbox 634 3337 699 3388; x_wconf 90' lang='lat' dir='ltr'><strong>et</strong></span> <span class='ocrx_word' id='word_1_203' title='bbox 725 3328 789 3386; x_wconf 88' lang='lat' dir='ltr'><strong>in</strong></span> <span class='ocrx_word' id='word_1_204' title='bbox 818 3326 1015 3407; x_wconf 89' lang='lat' dir='ltr'><strong>digito</strong></span> <span class='ocrx_word' id='word_1_205' title='bbox 1044 3326 1254 3386; x_wconf 84' lang='lat' dir='ltr'><strong>clavus</strong></span> <span class='ocrx_word' id='word_1_206' title='bbox 1283 3325 1435 3385; x_wconf 86' lang='lat' dir='ltr'><strong>mihi</strong></span> <span class='ocrx_word' id='word_1_207' title='bbox 1461 3326 1676 3388; x_wconf 87' lang='lat' dir='ltr'><strong>militis</strong></span> <span class='ocrx_word' id='word_1_208' title='bbox 1703 3327 2015 3407; x_wconf 69' lang='lat' dir='ltr'><strong>haeret.,s</strong></span> 
     </span>
     <span class='ocr_line' id='line_1_33' title="bbox 368 3420 1975 3516; baseline 0.002 -35"><span class='ocrx_word' id='word_1_209' title='bbox 368 3420 598 3483; x_wconf 89' lang='lat' dir='ltr'><strong>Nonne</strong></span> <span class='ocrx_word' id='word_1_210' title='bbox 624 3424 799 3485; x_wconf 84' lang='lat' dir='ltr'><strong>vides</strong></span> <span class='ocrx_word' id='word_1_211' title='bbox 829 3432 1060 3503; x_wconf 86' lang='lat' dir='ltr'><strong>quanto</strong></span> <span class='ocrx_word' id='word_1_212' title='bbox 1087 3422 1433 3484; x_wconf 90' lang='lat' dir='ltr'><strong>celebretur</strong></span> <span class='ocrx_word' id='word_1_213' title='bbox 1458 3424 1734 3504; x_wconf 88' lang='lat' dir='ltr'><strong>sportula</strong></span> <span class='ocrx_word' id='word_1_214' title='bbox 1758 3424 1928 3516; x_wconf 51' lang='lat' dir='ltr'><strong>fuluo</strong></span> <span class='ocrx_word' id='word_1_215' title='bbox 1944 3427 1975 3485; x_wconf 82' lang='lat'><strong>?</strong></span> 
     </span>
    </p>
   </div>
   <div class='ocr_carea' id='block_1_3' title="bbox 2296 604 2389 650">
    <p class='ocr_par' dir='ltr' id='par_1_10' title="bbox 2296 604 2389 650">
     <span class='ocr_line' id='line_1_34' title="bbox 2296 604 2389 650; baseline 0 0"><span class='ocrx_word' id='word_1_216' title='bbox 2296 604 2389 650; x_wconf 83' lang='lat'><strong>220</strong></span> 
     </span>
    </p>
   </div>
   <div class='ocr_carea' id='block_1_4' title="bbox 2291 1095 2389 1143">
    <p class='ocr_par' dir='ltr' id='par_1_11' title="bbox 2291 1095 2389 1143">
     <span class='ocr_line' id='line_1_35' title="bbox 2291 1095 2389 1143; baseline 0.01 -1"><span class='ocrx_word' id='word_1_217' title='bbox 2291 1095 2389 1143; x_wconf 78' lang='lat'><strong>225</strong></span> 
     </span>
    </p>
   </div>
   <div class='ocr_carea' id='block_1_5' title="bbox 2263 1573 2382 1632">
    <p class='ocr_par' dir='ltr' id='par_1_12' title="bbox 2263 1573 2382 1632">
     <span class='ocr_line' id='line_1_36' title="bbox 2263 1573 2382 1632; baseline 0.008 -1"><span class='ocrx_word' id='word_1_218' title='bbox 2263 1573 2382 1632; x_wconf 79' lang='lat'><strong>&#39;230</strong></span> 
     </span>
    </p>
   </div>
   <div class='ocr_carea' id='block_1_6' title="bbox 2280 2073 2378 2121">
    <p class='ocr_par' dir='ltr' id='par_1_13' title="bbox 2280 2073 2378 2121">
     <span class='ocr_line' id='line_1_37' title="bbox 2280 2073 2378 2121; baseline 0.01 -1"><span class='ocrx_word' id='word_1_219' title='bbox 2280 2073 2378 2121; x_wconf 77' lang='lat'><strong>235</strong></span> 
     </span>
    </p>
   </div>
   <div class='ocr_carea' id='block_1_7' title="bbox 2281 2567 2375 2613">
    <p class='ocr_par' dir='ltr' id='par_1_14' title="bbox 2281 2567 2375 2613">
     <span class='ocr_line' id='line_1_38' title="bbox 2281 2567 2375 2613; baseline 0 -1"><span class='ocrx_word' id='word_1_220' title='bbox 2281 2567 2375 2613; x_wconf 82' lang='lat'><strong>240</strong></span> 
     </span>
    </p>
   </div>
   <div class='ocr_carea' id='block_1_8' title="bbox 2273 3053 2370 3099">
    <p class='ocr_par' dir='ltr' id='par_1_15' title="bbox 2273 3053 2370 3099">
     <span class='ocr_line' id='line_1_39' title="bbox 2273 3053 2370 3099; baseline 0.021 -2"><span class='ocrx_word' id='word_1_221' title='bbox 2273 3053 2370 3099; x_wconf 80' lang='lat'><strong>245</strong></span> 
     </span>
    </p>
   </div>
   <div class='ocr_carea' id='block_1_9' title="bbox 2704 0 2716 1005">
    <p class='ocr_par' dir='ltr' id='par_1_16' title="bbox 2704 0 2716 1005">
     <span class='ocr_line' id='line_1_40' title="bbox 2704 0 2716 1005; baseline 0 0"><span class='ocrx_word' id='word_1_222' title='bbox 2704 0 2716 1005; x_wconf 95' lang='lat' dir='ltr'><strong> </strong></span> 
     </span>
    </p>
   </div>
   <div class='ocr_carea' id='block_1_10' title="bbox 2704 1908 2715 2462">
    <p class='ocr_par' dir='ltr' id='par_1_17' title="bbox 2704 1908 2715 2462">
     <span class='ocr_line' id='line_1_41' title="bbox 2704 1908 2715 2462; baseline 0 0"><span class='ocrx_word' id='word_1_223' title='bbox 2704 1908 2715 2462; x_wconf 95' lang='lat' dir='ltr'><strong> </strong></span> 
     </span>
    </p>
   </div>
   <div class='ocr_carea' id='block_1_11' title="bbox 2703 2822 2717 3718">
    <p class='ocr_par' dir='ltr' id='par_1_18' title="bbox 2703 2822 2717 3718">
     <span class='ocr_line' id='line_1_42' title="bbox 2703 2822 2717 3718; baseline 0 0"><span class='ocrx_word' id='word_1_224' title='bbox 2703 2822 2717 3718; x_wconf 95' lang='lat' dir='ltr'><strong> </strong></span> 
     </span>
    </p>
   </div>
  </div>
 </body>
</html>
