2734 4017
360 230 444 299 92
992 248 1065 296 D.
1097 247 1305 296 amm
1346 247 1766 296 mvn-imus

356 415 683 491 Dimidios,
714 414 865 477 alias
891 415 1077 477 facies
1104 423 1170 475 et
1194 414 1433 475 hiantia
1459 414 1659 494 ruptis

357 515 515 574 Ossa
540 512 734 593 genis,
761 513 978 592 plenos
1007 512 1324 573 oculorum
1352 512 1649 591 sanguine
1678 532 1938 594 pugnos·

356 611 600 671 Ludere
628 630 694 671 se
725 611 989 670 credunt
1016 608 1131 689 ipsi
1160 617 1371 669 tamen
1400 617 1465 668 et
1492 609 1757 687 pueriles

356 708 664 767 Exercere
694 707 872 781 acies,
902 706 1071 786 quod
1099 706 1271 766 nulla
1297 704 1602 765 cadavera
1629 708 1902 769 calcent:

356 805 443 865 Et
470 824 615 865 sane
644 824 768 884 quo
795 812 894 864 tot
920 803 1179 864 rixantis
1206 802 1401 863 millia
1425 802 1645 864 turbae

358 903 427 964 Si
454 901 677 962 vivunt
706 900 964 962 omnes?
1045 898 1214 980 Ergo
1244 900 1445 961 acrior
1471 899 1755 980 impetus,
1785 911 1851 964 et
1883 902 2019 984 jam

360 1000 524 1061 Saxa
550 997 862 1059 inclinatis
888 1017 1000 1078 per
1025 997 1285 1057 humum
1313 996 1591 1077 quaesita
1618 998 1866 1061 lacertis

357 1096 673 1176 Incipiunt
700 1104 1007 1174 torquere,
1037 1093 1377 1153 domestica
1406 1093 1697 1155 seditioni

251 1268 260 1274 .
356 1192 545 1268 Tela3
585 1211 702 1253 nec
728 1192 891 1252 hunc
919 1190 1206 1270 lapidem,
1236 1189 1450 1269 quales
1479 1198 1546 1251 et
1572 1190 1820 1255 Turnus
1847 1203 1912 1256 et
1939 1194 2124 1275 AJax,

355 1290 481 1352 Vel
509 1310 633 1371 quo
661 1288 940 1368 Tydides
968 1286 1270 1367 percussit
1295 1287 1571 1365 pondere
1599 1307 1819 1351 coxam

356 1388 627 1461 Aeneae,
656 1384 766 1447 sed
796 1404 980 1465 quem
1009 1384 1259 1445 valeant
1289 1382 1575 1445 emittere
1602 1385 1859 1449 dextrae

356 1485 490 1546 Illis
518 1482 841 1544 dissimiles
870 1490 934 1542 et
961 1491 1174 1542 nostro
1202 1489 1482 1560 tempore
1509 1491 1711 1545 natae.

355 1582 527 1643 Nam
554 1599 751 1662 genus
778 1579 898 1640 hoc
925 1578 1071 1639 vivo
1090 1577 1226 1659 jam
1255 1578 1652 1642 decrescebat
1680 1578 1991 1657 Homer03

357 1679 550 1741 Terra
576 1679 772 1740 malos
800 1676 1082 1738 homines
1110 1697 1277 1738 nunc
1306 1677 1534 1738 educat
1560 1686 1748 1759 atque
1775 1679 2064 1760 pusillos:

356 1778 527 1860 Ergo
556 1777 728 1853 deus,
762 1776 1112 1858 quicunque
1143 1775 1401 1855 aspexit,
1427 1775 1592 1836 ridet
1620 1785 1686 1837 et
1713 1777 1865 1838 odit.

356 1876 420 1936 A
449 1875 817 1938 diverticulo
846 1883 1163 1953 repetatur
1189 1873 1417 1934 fabula.
1494 1872 1841 1954 Postquam

359 1973 660 2035 Subsidiis
688 1972 856 2035 aucti
884 1993 1025 2052 pars
1056 1971 1251 2036 altera
1275 1991 1557 2053 promere
1585 1971 1815 2032 ferrum

355 2072 572 2133 Audet
601 2080 667 2133 et
692 2070 931 2132 infestis
960 2089 1233 2151 pugnam
1260 2070 1604 2131 instaurare
1633 2071 1909 2152 sagitti83

356 2168 562 2250 Terga
587 2169 737 2249 fuga
764 2167 948 2228 celeri
976 2167 1434 2248 praestantibus
1467 2169 1769 2244 omnibus,
1799 2169 2035 2232 instant

358 2265 485 2338 Qui
511 2267 716 2328 vicina
744 2267 958 2329 colunt
986 2267 1309 2330 umbrosae
1339 2267 1619 2350 Tentyra
1643 2271 1905 2352 palmae.

355 2363 615 2427 Labitur
641 2365 786 2427 hinc
814 2366 1067 2447 quidam
1096 2365 1287 2427 nimia
1314 2367 1641 2431 formidine
1671 2389 1915 2430 cursum

356 2460 780 2544 Praecipitans
815 2465 1211 2547 capiturque:
1256 2476 1351 2528 ast
1378 2468 1555 2528 illum
1581 2468 1646 2529 in
1675 2468 1939 2549 plurima
1965 2477 2197 2530 sectum

356 2558 582 2621 Frusta
611 2571 677 2623 et
708 2562 1054 2643 particulas,
1084 2573 1156 2625 ut
1182 2565 1397 2626 multis
1427 2575 1707 2627 mortuus
1734 2586 1896 2626 unus

358 2655 696 2733 Sufficeret,
725 2668 932 2720 totum
959 2661 1218 2722 corrosis
1247 2662 1486 2723 ossibus
1518 2663 1650 2724 edit

359 2752 603 2814 Victrix
628 2756 847 2831 turba3
888 2776 1003 2818 nec
1031 2758 1275 2820 ardenti
1302 2759 1554 2821 decoxit
1582 2779 1738 2822 aeno

354 2849 490 2911 Aut
516 2853 820 2928 verubus3
861 2854 1115 2934 longum
1142 2875 1337 2936 usque
1370 2857 1527 2918 adeo
1553 2858 1923 2939 tardumque
1953 2856 2204 2939 putavit

355 2946 733 3027 Exspectare
761 2950 947 3025 focos,
978 2960 1270 3013 contenta
1299 2954 1597 3015 cadavere
1627 2955 1834 3016 crud0.

356 3043 479 3106 Hic
507 3046 777 3126 gaudere
806 3047 961 3108 libet
989 3048 1158 3128 quod
1185 3070 1310 3110 non
1343 3050 1671 3113 violaverit
1696 3052 1924 3132 ignem,

357 3140 562 3213 Quem
589 3163 829 3204 summa
857 3144 1012 3205 caeli
1038 3155 1286 3226 raptum
1315 3148 1394 3208 de
1421 3157 1597 3227 parte
1625 3148 2036 3210 Prometheus

358 3238 634 3301 Donavit
661 3241 859 3301 terris.
939 3240 1270 3304 Elemento
1296 3246 1576 3324 gratulor
1604 3256 1669 3307 et
1696 3257 1760 3307 te

356 3334 685 3397 Exsultare
713 3356 866 3399 reor.
950 3337 1076 3399 Sed
1109 3339 1215 3420 qui
1241 3342 1524 3403 mordere
1552 3343 1817 3403 cadaver

360 3431 673 3494 Sustinuit
699 3433 789 3494 nil
818 3454 1086 3515 unquam
1116 3436 1242 3500 hac
1261 3456 1443 3499 carne
1472 3438 1762 3501 libentius
1790 3438 1937 3500 edit.

219 3641 376 3682 ι-ι

2303 1696 2366 1744 70

2302 2186 2365 2234 75

2300 2677 2366 2723 80

2297 3162 2362 3208 85
