2734 4017
346 183 430 248 72
939 201 1010 247 D.
1058 201 1265 248 Jtmn
1307 198 1723 248 JUVENALIS
1779 233 1784 238 .

344 367 537 427 Plura
564 366 734 428 domi
759 367 932 447 fraga
960 375 1026 429 et
1052 368 1315 448 majores
1341 366 1588 448 glandis
1618 384 1892 427 acervos.

343 463 505 523 Tam
531 464 882 525 venerabile
910 473 1044 526 erat
1070 464 1441 545 praecedere
1478 471 1744 544 quatuor
1770 463 1966 539 annis,

345 560 678 641 Primaque
705 581 818 642 par
844 562 1001 623 adeo
1029 581 1234 622 sacrae
1261 561 1492 641 lanugo
1523 560 1843 622 senectae!

345 658 536 719 Nunc
562 658 616 718 si
643 658 992 738 depositum
1020 679 1143 720 non
1175 658 1480 719 infitietur
1507 658 1757 734 amicus,
2293 673 2359 718 so

349 755 418 817 Si
445 755 668 816 reddat
695 763 969 815 veterem
997 774 1140 815 cum
1167 763 1305 815 tota
1333 754 1625 835 aerugine
1652 756 1881 833 follem,

346 851 718 932 Prodigiosa
743 851 898 913 fides
928 862 994 913 et
1021 850 1241 912 Tuscis
1271 852 1463 932 digna
1489 852 1731 929 libellis,
1777 855 1782 859 ’

348 950 646 1030 Quaeque
675 959 969 1011 coronata
1009 948 1258 1009 lustrari
1289 948 1515 1010 debeat
1543 969 1720 1031 agna.

348 1046 690 1129 Egregium
720 1055 1121 1127 sanctumque
1155 1044 1357 1107 virum
1390 1047 1444 1108 si
1473 1067 1674 1123 cerno,
1699 1047 2024 1110 bimembri

349 1144 491 1206 Hoc
516 1153 863 1205 monstrum
891 1162 1083 1224 puero
1115 1153 1224 1205 aut
1253 1144 1506 1206 miranti
1547 1146 1663 1207 sub
1692 1154 1896 1206 aratro
2296 1160 2355 1205 65

349 1240 633 1303 Piscibus
659 1240 931 1302 inventis
959 1249 1024 1302 et
1051 1242 1215 1302 fetae
1245 1262 1534 1322 comparo
1564 1243 1786 1317 mulae,

352 1337 666 1400 Sollicitus
693 1347 989 1418 tanquam
1024 1337 1264 1418 lapides
1293 1337 1579 1400 effuderit
1604 1339 1804 1399 imber

352 1437 758 1517 Examenque
788 1436 998 1516 apium
1024 1437 1215 1516 longa
1244 1435 1592 1497 consederit
1622 1456 1742 1497 uva

355 1534 640 1598 Culmine
668 1533 927 1608 delubri,
955 1542 1253 1615 tanquam
1281 1534 1347 1593 in
1373 1553 1543 1594 mare
1570 1533 1819 1595 fluxerit
1846 1536 2044 1596 amnis

353 1632 719 1713 Gurgitibus
745 1631 916 1692 miris
945 1640 1011 1693 et
1038 1632 1218 1693 lactis
1245 1632 1481 1693 vertice
1511 1640 1770 1693 torrens.
2302 1647 2362 1694 70

433 1728 791 1809 Intercepta
819 1728 1034 1790 decem
1063 1728 1334 1808 quereris
1362 1728 1647 1789 sestertia
1671 1728 1885 1789 fraude

358 1826 670 1907 Sacrilega
687 1826 718 1886 ⁴?
799 1824 967 1898 Quid
998 1825 1051 1885 si
1076 1825 1173 1886 bis
1201 1834 1453 1887 centum
1480 1825 1752 1905 perdidit
1781 1826 1940 1886 alter

357 1924 499 1986 Hoc
526 1943 747 1986 arcana
774 1928 962 1985 modo
978 1924 1009 1983 ἵ
1048 1924 1342 2003 majorem
1373 1923 1592 1983 tertius
1617 1921 1725 1983 illa

359 2021 697 2095 Summam,
725 2040 911 2102 quam
939 2020 1190 2101 patulae
1215 2020 1323 2081 vix
1352 2030 1601 2100 ceperat
1629 2021 1890 2102 angulus
1919 2022 2142 2082 arcae?

358 2119 517 2181 Tam
544 2119 722 2180 facile
752 2128 816 2179 et
844 2135 1109 2198 pronum
1139 2126 1235 2178 est
1263 2136 1517 2196 superos
1547 2129 1941 2179 contemnere
1969 2128 2178 2193 testes,
2302 2134 2363 2181 75

360 2217 428 2278 Si
457 2217 733 2279 mortalis
762 2215 930 2275 idem
959 2234 1142 2275 nemo
1172 2214 1360 2275 sciat!
1444 2213 1676 2294 Aspice
1705 2226 1940 2295 quanta

359 2313 535 2375 Voce
562 2322 770 2395 neget,
800 2332 958 2393 quae
986 2312 1067 2373 sit
1093 2312 1224 2371 ficti
1255 2312 1603 2372 constantia
1630 2313 1857 2374 vultus.

360 2410 485 2471 Per
514 2412 673 2473 Solis
700 2412 908 2472 radios
935 2410 1321 2489 Tarpeiaque
1351 2408 1610 2468 fulmina
1640 2409 1814 2488 jurat

360 2508 447 2570 Et
473 2509 695 2571 Martis
722 2510 1015 2570 frameam
1046 2517 1110 2569 et
1139 2505 1418 2569 Cirrhaei
1449 2506 1683 2586 spicula
1709 2507 1888 2582 vatis,

360 2608 488 2668 Per
513 2610 782 2669 calamos
809 2605 1137 2668 venatricis
1165 2604 1643 2685 pharetramque
1670 2604 1929 2684 puellae,
2307 2620 2370 2667 80

362 2703 606 2785 Perque
632 2713 830 2778 tuum,
857 2712 1036 2784 pater
1060 2701 1299 2782 Aegaei
1328 2701 1645 2781 Neptune,
1676 2700 2051 2778 tridentem;

362 2801 565 2863 Addit
592 2811 658 2864 et
684 2801 1028 2862 Herculeos
1056 2820 1231 2860 arcus
1275 2801 1641 2881 hastamque
1674 2798 2011 2875 Minervae,

365 2899 686 2980 Quidquid
712 2895 945 2960 habent
970 2898 1240 2960 telorum
1270 2897 1747 2959 armamentaria
1774 2897 1945 2958 caeli.

367 2996 435 3057 Si
463 3017 611 3058 vero
638 3006 703 3058 et
730 3005 908 3078 pater
934 3004 1047 3070 est,
1091 3001 1127 3032 “
1150 2994 1542 3067 Comedam‚”
1570 2995 1790 3076 inquit,
1834 3002 1871 3032 ‘⁴
1890 2993 2093 3056 flebile
2120 2995 2253 3056 nati

368 3093 654 3174 Sinciput
681 3092 826 3154 elixi
855 3092 1206 3171 Pharioque
1234 3092 1548 3153 madentis
1578 3091 1807 3153 aceto.”
2308 3105 2372 3153 85

449 3190 612 3252 Sunt
638 3191 703 3251 in
731 3189 1047 3250 Fortunae
1075 3188 1181 3269 qui
1209 3188 1450 3249 casibus
1479 3189 1687 3249 omnia
1712 3198 1957 3269 ponunt

366 3286 456 3349 Et
481 3289 652 3350 nullo
681 3286 943 3349 credunt
970 3286 1271 3345 mundum
1299 3294 1541 3346 rectore
1569 3286 1825 3362 moveri,

367 3385 613 3447 Natura
639 3385 933 3446 volvente
960 3382 1126 3443 vices
1153 3390 1220 3442 et
1245 3381 1402 3442 lucis
1431 3390 1498 3443 et
1525 3382 1691 3457 anni,
