2734 4017
1057 210 1334 258 SA'rmA
1380 210 1537 258 xlv,
1713 228 1716 232 .
2260 196 2343 267 83

297 373 638 456 Pauperis
661 396 795 462 esse
821 385 1006 459 putat
1027 396 1044 452 ;
1074 376 1340 456 juvenes
1367 377 1655 452 hortatur
1678 385 1751 437 ut
1776 377 1947 439 illam

297 471 427 533 Ire
453 474 627 534 'viam
653 484 918 555 pergant
947 484 1013 534 et
1040 475 1242 540 eidem
1269 474 1625 535 incumbere
1654 485 1877 535 sectae.

302 569 495 646 Sunt
522 571 827 650 quaedam
854 570 1149 631 vitiorum
1178 571 1521 646 elementa;
1559 571 1656 631 his
1682 571 1966 652 protinus
1992 573 2132 640 illos

300 657 566 728 Imbuit
594 676 659 727 et
687 667 855 747 cogit
882 667 1168 728 minimas
1197 668 1468 728 ediscere
1497 668 1742 745 sordes;

301 762 483 823 Mox
513 764 870 843 acquirendi
894 764 1082 825 docet
1109 764 1457 826 insatiabile
1483 774 1720 826 votum.
2249 783 2345 830 125

308 858 670 920 Servorum
697 870 947 924 ventres
974 861 1184 923 modio
1212 860 1478 942 castigat
1504 861 1716 941 iniquo

305 956 470 1036 Ipse
500 976 746 1038 quoque
776 943 1081 1033 esuriens3
1116 977 1319 1038 neque
1348 958 1517 1019 enim
1544 959 1752 1020 omnia
1778 959 2042 1023 sustinet
2071 981 2342 1042 unquam

309 1052 588 1115 Mucida
613 1053 876 1136 caerulei
903 1054 1080 1134 panis
1107 1074 1469 1116 consumere
1497 1056 1710 1130 frusta,

313 1150 712 1213 Hesternum
739 1151 957 1212 solitus
986 1151 1192 1212 medio
1220 1171 1466 1213 servare
1493 1152 1757 1213 minutal

319 1248 700 1329 Septembri,
727 1268 842 1309 nec
868 1270 994 1312 non
1025 1249 1266 1310 differre
1294 1250 1360 1310 in
1387 1258 1670 1330 tempora
1697 1270 1925 1312 coenae
2248 1267 2342 1315 130

319 1347 606 1408 Alterius
627 1348 924 1408 conchem
953 1347 1251 1409 aestivam
1279 1367 1421 1409 cum
1448 1358 1624 1428 parte
1651 1348 1865 1410 lacerti

325 1445 654 1525 Signatam
680 1444 783 1507 vel
811 1444 1068 1505 dimidio
1095 1445 1385 1525 putrique
1414 1445 1619 1522 silur0,

324 1543 587 1623 Filaque
615 1543 832 1603 sectivi
859 1552 1182 1603 numerata
1209 1542 1526 1604 includere
1553 1544 1736 1624 porri.

323 1640 642 1702 Invitatus
669 1640 750 1701 ad
779 1642 930 1702 haec
959 1640 1178 1720 aliquis
1209 1640 1287 1701 de
1315 1650 1509 1722 ponte
1536 1643 1808 1723 negabit.

327 1739 457 1800 Sed
484 1759 607 1821 qno
636 1738 885 1801 divitias
911 1741 1066 1801 haec
1092 1760 1203 1820 per
1228 1750 1547 1801 tormenta
1570 1750 1831 1816 coactas,
2073 1757 2079 1762 ·
2247 1754 2342 1801 135

326 1837 540 1911 Quum
566 1838 736 1899 furor
761 1839 929 1899 haud
957 1839 1198 1914 dubius,
1226 1859 1418 1918 quum
1447 1838 1527 1899 sit
1553 1838 1879 1900 manifesta
1905 1838 2238 1919 phrenesis,

324 1934 427 1997 Ut
450 1937 725 2018 locuples
753 1936 1029 1998 moriaris
1059 1935 1300 2016 egentis
1331 1936 1538 1996 vivere
1567 1936 1743 1996 fato?

325 2032 575 2112 Interea
603 2034 785 2113 pleno
815 2053 1005 2114 quum
1033 2042 1244 2113 turget
1273 2034 1552 2094 sacculus
1581 2052 1705 2107 ore,

328 2131 569 2192 Crescit
595 2150 768 2191 amor
792 2130 1031 2208 nummi
1060 2142 1361 2211 quantum
1389 2130 1523 2210 ipsa
1548 2129 1810 2211 pecunia
1839 2130 2068 2206 crevit3

325 2228 414 2289 Et
441 2230 644 2290 minus
671 2229 830 2304 hanc
858 2239 1035 2309 optat
1064 2229 1167 2309 qui
1195 2249 1321 2290 non
1349 2230 1555 2289 habet.
1636 2227 1805 2308 Ergo
1835 2238 2087 2308 paratur
2245 2243 2338 2289 140

324 2327 549 2387 Altera
575 2326 722 2386 villa
749 2326 866 2386 tibi
894 2346 1085 2405 quum
1112 2346 1216 2386 rus
1245 2347 1370 2386 non
1398 2325 1624 2387 sufficit
1650 2345 1861 2399 unum,

324 2423 414 2484 Et
440 2423 710 2503 proferre
739 2424 891 2484 libet
918 2424 1088 2498 fines,
1116 2425 1434 2503 majorque
1462 2424 1712 2484 videtur

324 2520 415 2582 Et
436 2521 659 2597 melior
687 2521 891 2582 vicina
909 2540 1127 2601 seges:
1168 2522 1457 2581 mercaris
1487 2530 1552 2581 et
1578 2521 1740 2582 hanc
1768 2530 1835 2581 et

324 2618 604 2678 Arbusta
631 2627 697 2679 et
727 2617 919 2702 densa
945 2626 1224 2678 montem
1252 2618 1358 2697 qui
1387 2627 1570 2679 canet
1597 2618 1783 2698 oliva,

326 2714 609 2789 Quorum
638 2715 691 2775 si
716 2715 918 2800 pretio
946 2715 1234 2775 dominus
1259 2735 1385 2774 non
1406 2714 1685 2775 vincitur
1711 2716 1856 2790 ullo,
2141 2760 2144 2764 .
2216 2729 2224 2733 “
2248 2729 2342 2778 145

324 2810 535 2873 Nocte
551 2813 755 2888 boves
781 2811 972 2872 macri
999 2813 1281 2891 lassoque
1306 2811 1590 2872 famelica
1616 2813 1777 2874 collo

322 2910 368 2971 J
371 2917 626 2970 umenta
654 2909 732 2969 ad
763 2908 990 2969 virides
1019 2908 1199 2988 hujus
1225 2908 1564 2969 mittuntur
1591 2910 1840 2985 aristas3

326 3005 393 3066 N
393 3027 466 3067 ec
494 3007 662 3086 prius
689 3006 835 3066 inde
863 3007 1118 3067 domum
1146 3025 1330 3086 quam
1357 3015 1494 3066 tota
1522 3008 1768 3067 novalia
1795 3026 2010 3067 saevos

325 3104 403 3164 In
432 3113 681 3164 ventres
709 3104 949 3178 abeant,
979 3112 1050 3163 ut
1078 3104 1292 3164 credas
1320 3104 1580 3164 falcibus
1610 3115 1837 3165 actum.

325 3199 552 3262 Dicere
579 3201 686 3260 vix
715 3200 910 3279 possis
940 3219 1124 3279 quam
1151 3200 1331 3259 multi
1359 3201 1509 3261 talia
1535 3201 1799 3281 plorent,
2246 3213 2340 3259 150

327 3295 416 3357 Et
443 3305 596 3375 quot
623 3296 871 3370 venales
897 3296 1122 3375 injuria
1147 3296 1361 3356 fecerit
1389 3317 1587 3376 agros⁴
1650 3312 1654 3315 ⁴

331 3392 457 3454 Sed
486 3392 592 3474 qui
620 3392 963 3471 sermones!
1005 3412 1190 3472 quam
1215 3393 1436 3453 foedae
1463 3393 1723 3458 buccina
1747 3394 1980 3455 famae!
2023 3453 2027 3458 .
