2734 4017
1110 251 1384 301 SA'rmA
1429 249 1560 300 vn.
2276 233 2358 298 31

347 423 709 506 Impatiens,
737 420 998 501 cupidus
1024 420 1318 481 silvarum
1346 425 1651 498 aptusque
1679 417 1963 480 bibendis

349 521 656 581 Fontibus
683 517 1024 588 Aonidum.
1106 516 1331 595 Neque
1361 515 1527 576 enim
1557 523 1806 575 cantare
1836 516 1950 580 sub
1977 524 2156 578 antro

348 618 555 678 Pierio
582 618 947 696 thyrsumve
976 621 1185 693 potest
1214 612 1575 693 contingere
1603 623 1843 673 moesta
2298 628 2361 676 60

348 714 693 795 Paupertas
720 722 908 793 atque
936 710 1093 772 aeris
1121 711 1317 789 inopS,
1346 729 1470 790 quo
1498 719 1682 771 nocte
1712 711 1933 791 dieque

349 814 589 892 Corpus
617 819 793 892 eget:
834 818 1008 871 satur
1036 818 1132 869 est
1161 827 1354 887 quum
1383 807 1536 869 dicit
1565 807 1880 883 Horatiae,
1907 808 2115 870 Euoel

351 907 508 980 Quis
535 909 706 968 locus
733 906 1000 987 ingeniO,
1029 904 1150 967 nisi
1180 926 1373 985 quum
1402 925 1466 966 se
1495 906 1765 966 carmine
1793 907 1924 967 solo

352 1004 610 1065 Vexant
639 1013 704 1064 et
732 1004 999 1066 dominis
1030 1004 1285 1065 Cirrhae
1314 1002 1652 1083 Nysaeque
1679 1003 1962 1065 feruntur

348 1101 616 1164 Pectora
639 1111 850 1163 ,vestra
879 1101 1032 1170 duas
1059 1122 1187 1163 non
1218 1100 1618 1161 admittentia
1646 1119 1821 1161 curas
1835 1101 1866 1161 1³
2300 1116 2363 1162 05

345 1197 616 1278 Magnae
643 1198 869 1260 mentis
897 1218 1052 1278 opus
1080 1217 1196 1259 nec
1225 1198 1304 1258 de
1332 1198 1535 1259 lodice
1563 1198 1838 1277 paranda

344 1296 677 1356 Attonitae
706 1315 920 1356 currus
946 1305 1012 1356 et
1039 1316 1231 1376 equos
1258 1296 1570 1376 faciesque
1597 1295 1857 1358 deorum

345 1392 646 1473 Aspicere
675 1402 740 1454 et
767 1393 964 1473 qualis
991 1393 1302 1453 Rutulum
1331 1393 1674 1455 confundat
1702 1393 1992 1474 Erinnys.

345 1489 514 1550 Nam
542 1489 595 1550 si
621 1489 891 1570 Virgilio
919 1511 1074 1570 puer
1101 1500 1167 1552 et
1194 1491 1519 1551 tolerabile
1551 1491 1795 1552 deesset

344 1587 723 1667 Hospitium,
753 1588 1047 1650 caderent
1075 1608 1290 1650 omnes
1318 1608 1357 1649 a
1385 1588 1655 1652 crinibus
1681 1590 1903 1669 hydri3
2298 1605 2360 1652 70

346 1684 551 1746 Surda
575 1683 732 1745 nihil
757 1694 1036 1765 gemeret
1062 1705 1255 1765 grave
1282 1686 1564 1748 buccina.
1647 1686 1971 1750 Poscimus
1999 1697 2071 1751 ut
2098 1689 2179 1751 sit

343 1781 493 1841 Non
521 1781 724 1842 minor
750 1771 1007 1861 antiquo
1035 1781 1369 1843 Rubrenus
1395 1782 1611 1862 Lappa
1638 1784 1959 1859 cothurnO,

346 1877 539 1955 ‚Cujus
567 1887 632 1939 et
660 1879 932 1939 alveolos
961 1892 1025 1939 et
1051 1879 1294 1940 laenam
1322 1880 1611 1960 pignerat
1637 1880 1890 1942 Atreus·

342 1974 492 2034 Non
520 1975 708 2035 habet
733 1974 945 2035 infelix
973 1973 1272 2036 Numitor
1299 1976 1470 2056 quod
1499 1976 1715 2039 mittat
1742 1978 1979 2055 amico;

345 2070 689 2144 Quintillae
718 2071 885 2151 quod
914 2071 1107 2134 donet
1134 2072 1358 2148 habet;
1403 2092 1520 2135 nec
1548 2073 1746 2136 defuit
1773 2075 1866 2136 ini
2296 2091 2359 2139 75

343 2168 536 2230 Unde
567 2178 798 2229 emeret
824 2170 1024 2238 multa
1051 2169 1429 2249 pascendum
1461 2190 1644 2233 carne
1673 2173 1920 2235 leonem

341 2264 385 2326 J
386 2285 485 2325 am
516 2265 860 2326 domitum:
902 2276 1145 2328 constat
1172 2266 1393 2328 leviori
1420 2268 1632 2329 bellua
1658 2281 1910 2353 sumptu

342 2362 674 2437 Nimirum,
702 2372 767 2423 et
794 2364 1046 2443 capiunt
1072 2365 1212 2443 plus
1238 2364 1536 2433 intestina
1563 2378 1804 2448 poetae.

343 2460 691 2523 Contentus
717 2462 882 2521 fama
908 2461 1118 2540 jaceat
1145 2461 1436 2523 Lucanus
1464 2464 1528 2524 in
1556 2466 1755 2528 hortis

340 2556 740 2618 Marmoreis:
781 2566 848 2617 at
877 2556 1140 2620 Serrano
1168 2560 1466 2640 tenuique
1498 2561 1704 2630 Saleio
2293 2581 2356 2628 80

341 2653 554 2714 Gloria
582 2655 968 2734 quantalibet
996 2656 1145 2735 quid
1179 2656 1314 2731 erit,
1343 2658 1396 2718 si
1422 2660 1621 2740 gloria
1647 2670 1896 2723 tantum
1924 2664 2065 2725 est?

342 2751 625 2813 curritur
651 2751 732 2811 ad
761 2771 980 2812 vocem
1008 2753 1359 2833 jucundam
1391 2766 1456 2818 et
1487 2777 1733 2818 carmen
1763 2760 1993 2826 amicae

340 2844 710 2919 Thebaidos,
736 2847 965 2907 laetam
992 2848 1142 2910 fecit
1174 2870 1367 2930 quum
1400 2852 1637 2914 Statius
1666 2851 1908 2916 Urbem

339 2941 753 3023 Promisitquc
783 2943 965 3005 diem.
1049 2944 1260 3007 Tanta
1292 2947 1619 3009 dulcedine
1649 2959 1863 3029 captos

336 3038 551 3099 Afficit
577 3038 683 3099 ille
711 3040 953 3104 animos
983 3051 1280 3123 tantaque
1311 3045 1566 3107 libidine
1596 3047 1769 3127 vulgi
2291 3065 2356 3113 85

336 3135 646 3197 Auditur:
690 3138 800 3198 sed
831 3160 1023 3219 quum
1049 3140 1238 3220 fregit
1266 3142 1555 3203 subsellia
1581 3141 1766 3205 versu

335 3231 564 3307 Esurit,
595 3233 896 3296 intactam
926 3236 1139 3297 Paridi
1170 3237 1289 3298 nisi
1316 3239 1555 3301 vendat
1581 3242 1865 3321 Agaven.

335 3325 452 3387 Ille
480 3337 545 3390 et
574 3329 834 3391 militiae
863 3332 1076 3392 multis
1104 3331 1364 3411 largitur
1392 3334 1709 3409 honorem,

337 3424 636 3487 Semestri
664 3436 883 3488 vatum
911 3428 1144 3509 digitos
1171 3429 1560 3510 circumligat
1590 3450 1757 3493 auro.
