2734 4017
1082 214 1357 265 sAtrmA
1400 215 1564 264 vm.
2240 198 2322 266 37

1036 879 1366 943 SATIRA
1414 877 1604 941 VIII.

301 1076 869 1220 STEMMATA
890 1075 1044 1156 quid
1063 1074 1299 1136 faciunt
1314 1075 1344 1134 ’Β
1378 1073 1529 1154 qnid
1549 1072 1820 1153 prodest,
1840 1071 2121 1147 Pontice,
2141 1072 2331 1152 longo

482 1173 797 1253 Sanguine
826 1172 1062 1234 censeri
1089 1171 1414 1252 pictosque
1443 1170 1771 1232 ostendere
1800 1170 2012 1231 vultus

300 1269 638 1349 Mau-iorum,
667 1278 733 1330 et
760 1278 998 1331 stantes
1028 1268 1094 1328 in
1124 1268 1403 1330 curribus
1429 1267 1833 1341 Aemiliano&

302 1367 400 1428 Et
427 1365 648 1428 Curios
665 1366 798 1446 jam
827 1366 1137 1440 dimidios,
1164 1367 1547 1444 humeroque
1574 1364 1879 1424 minorem

309 1463 675 1538 Corvinum,
705 1473 771 1524 et
799 1463 1065 1525 Galbam
1094 1463 1384 1524 auriculis
1410 1482 1682 1542 nasoque
1713 1469 2026 1522 carentem
2042 1460 2073 1519 ⁴?
2300 1473 2331 1518 5

310 1561 476 1634 Quis
500 1561 738 1622 fluctus
762 1560 1008 1642 generis
1036 1561 1250 1621 tabula
1267 1560 1507 1639 jactare
1535 1558 1747 1639 capaci

310 1656 675 1730 Corvinum,
703 1657 965 1736 posthac
991 1657 1193 1717 multa
1219 1656 1583 1737 contingere
1612 1656 1789 1734 virga

309 1755 624 1814 Fumosos
651 1753 954 1834 Equitum
983 1773 1127 1814 cum
1154 1752 1481 1814 Dictatore
1510 1752 1857 1832 magistros,

315 1850 390 1912 Si
417 1869 624 1910 coram
650 1849 904 1929 Lepidis
932 1850 1094 1910 male
1123 1849 1405 1910 vivitur?
1446 1850 1678 1929 effigies
1707 1868 1831 1928 quo

313 1946 447 2007 Tot
473 1946 862 2021 bellatorum,
893 1947 947 2007 si
975 1946 1215 2007 luditur
1242 1947 1377 2006 alea
1403 1966 1639 2025 pernox
1717 1957 1720 1958 ’
2278 1959 2338 2005 10

315 2045 493 2103 Ante
521 2043 587 2102 N
588 2044 979 2118 umantinos;
1020 2043 1073 2103 si
1101 2043 1370 2103 dormire
1398 2043 1616 2122 incipis
1646 2051 1787 2104 ortu

317 2140 604 2214 Luciferi,
634 2160 757 2220 quo
783 2140 963 2219 signa
989 2140 1179 2201 duces
1207 2149 1273 2200 et
1300 2149 1505 2200 castra
1532 2140 1868 2201 movebant
1888 2140 1920 2200 ‘1’

322 2237 453 2296 Cur
481 2237 894 2317 Allobrogicis
923 2246 988 2298 et
1015 2256 1245 2318 magna
1271 2236 1545 2315 gaudeat
1572 2256 1680 2297 ara

320 2333 530 2394 Natus
557 2334 621 2394 in
649 2333 963 2395 Herculeo
991 2333 1226 2393 Fabius
1254 2332 1432 2407 Lare,
1461 2333 1514 2394 si
1541 2332 1820 2413 cupidus,
1848 2334 1900 2394 si

320 2429 543 2491 Vanus
571 2440 636 2491 et
660 2430 963 2511 Euganea
989 2430 1390 2510 quantumvis
1417 2431 1661 2491 mollior
1689 2450 1888 2511 agna3
2279 2447 2340 2492 15

325 2527 394 2587 Si
423 2536 706 2587 tenerum
735 2527 987 2588 attritus
1018 2527 1337 2588 Catinensi
1364 2527 1609 2607 pumice
1638 2528 1919 2587 lumbum

324 2624 695 2705 Squalentes
721 2622 995 2684 traducit
1023 2643 1189 2699 avos,
1218 2634 1582 2704 emptorque
1611 2624 1839 2684 veneni

321 2721 699 2802 Frangenda
725 2720 1014 2781 miseram
1039 2721 1316 2781 funestat
1342 2720 1611 2800 imagine
1639 2731 1893 2801 gentem
1908 2722 1940 2782 ⁴?

322 2818 490 2879 Tota
516 2818 662 2879 licet
688 2826 931 2878 veteres
959 2826 1264 2878 exornent
1292 2818 1567 2897 undique
1606 2837 1782 2879 cerae

319 2915 524 2990 Atria,
553 2915 845 2975 nobilitas
873 2917 1003 2977 sola
1031 2924 1128 2976 est
1156 2923 1341 2996 atque
1372 2916 1554 2977 unica
1580 2916 1797 2977 virtus.
2280 2931 2343 2975 20

321 3012 583 3072 Paullus
611 3012 714 3072 vel
743 3013 972 3074 Cossus
999 3013 1100 3073 vel
1131 3011 1374 3074 Drusus
1401 3014 1675 3074 moribus
1703 3022 1838 3074 esto
1854 3032 1873 3088 ;

323 3107 461 3169 Hos
490 3118 634 3169 ante
663 3109 899 3190 effigies
922 3109 1228 3188 majorum
1253 3130 1418 3192 pone
1446 3120 1735 3185 tuorum3

324 3205 715 3270 Praecedant
743 3208 908 3287 ipsas
936 3207 1026 3266 illi
1054 3217 1118 3267 te
1150 3208 1420 3269 Consule
1449 3209 1674 3290 virgas.

322 3302 538 3363 Prima
564 3303 718 3364 mihi
746 3305 936 3364 debes
965 3303 1153 3363 animi
1180 3304 1376 3365 bona:
1419 3317 1668 3366 sanctus
1696 3306 1907 3367 haberi

323 3399 367 3461 J
369 3401 739 3482 ustitiaeque
770 3411 958 3463 tenax
984 3400 1164 3461 factis
1192 3402 1496 3482 dictisque
1527 3403 1795 3477 mereris,
2279 3414 2343 3461 25
