2734 4017
1228 259 1503 309 sA‘rIRA
1546 259 1670 310 xv.
2364 240 2446 305 95

431 430 789 492 Aedificare
818 429 1055 505 domos,
1083 428 1342 490 Laribus
1373 427 1746 508 conjungere
1773 426 2001 488 nostris

435 529 710 589 Tectum
740 527 927 602 aliud,
955 537 1128 589 tutos
1157 527 1360 587 vicino
1392 525 1603 585 limine
1629 545 1877 587 somnos

435 626 537 687 Ut
565 626 793 685 collata
820 626 999 685 daret
1026 624 1267 697 fiducia,
1293 632 1617 702 protegere
1647 622 1832 682 armis
2356 635 2451 681 155

437 722 716 802 Lapsum
744 733 853 782 aut
881 722 1122 802 ingenti
1150 731 1480 782 nutantem
1507 720 1763 780 vulnere
1790 719 2008 794 civem,

438 818 777 881 Communi
804 818 953 879 dare
981 818 1157 898 signa
1185 817 1355 890 tuba,
1385 816 1704 878 defendier
1728 816 1929 879 isdem

438 916 743 978 Turribus
772 927 959 995 atque
986 935 1113 976 una
1137 924 1458 995 portarum
1485 915 1662 976 clave
1690 915 1906 977 teneri.

440 1014 569 1074 Sed
588 1014 725 1094 jam
754 1022 1110 1093 serpentum
1138 1012 1335 1093 major
1361 1012 1725 1074 concordia:
1763 1012 1965 1093 parcit

440 1109 745 1190 Cognatis
775 1110 1032 1170 maculis
1060 1109 1273 1170 similis
1300 1108 1446 1170 fera.
1528 1108 1798 1181 Quando
1824 1109 1992 1172 leoni
2353 1122 2451 1170 160

440 1206 696 1267 Fortior
726 1206 952 1286 eripuit
978 1206 1174 1267 vitam
1202 1206 1300 1267 leo
1316 1207 1346 1267 ἰ’
1388 1226 1511 1287 quo
1539 1226 1791 1268 nemore
1819 1226 2092 1290 unquam

439 1302 807 1383 Exspiravit
835 1322 982 1384 aper
1009 1303 1259 1383 majoris
1287 1302 1580 1365 dentibus
1607 1306 1738 1384 apri
1753 1305 1785 1365 ἲ

442 1399 666 1461 Indica
691 1400 870 1482 tigris
899 1401 1030 1482 agit
1057 1401 1273 1463 rabida
1300 1422 1443 1463 cum
1463 1402 1690 1483 tigride
1716 1422 1936 1484 pacem

443 1498 859 1581 Perpetuam3
901 1498 1100 1560 saevis
1126 1499 1291 1562 inter
1317 1519 1383 1561 se
1413 1500 1706 1562 convenit
1732 1501 1906 1562 ursis,

442 1597 568 1659 Ast
596 1596 833 1659 homini
858 1597 1089 1659 ferrum
1115 1599 1302 1661 letale
1330 1597 1555 1660 incude
1583 1597 1851 1659 nefanda
2357 1613 2453 1661 165

444 1696 823 1759 Produxisse
852 1717 1073 1779 parum
1103 1708 1216 1772 est,
1244 1717 1437 1777 quum
1463 1705 1664 1758 rastra
1691 1704 1757 1756 et
1782 1695 2022 1758 sarcula
2046 1704 2295 1759 tantum

446 1795 705 1856 Assueti
732 1815 993 1877 coquere
1022 1805 1088 1857 et
1112 1795 1330 1856 marris
1358 1814 1434 1856 ac
1458 1814 1708 1857 vomere
1735 1795 1880 1857 lassi

445 1893 764 1955 Nescirint
790 1894 974 1976 primi
1000 1893 1242 1974 gladios
1272 1893 1608 1954 extendere
1641 1891 1814 1953 fabri.

448 1994 804 2075 Aspicimus
829 1994 1092 2075 populos
1121 2013 1384 2074 quorum
1411 2012 1536 2054 non
1565 1992 1788 2054 suffieit
1812 1991 1942 2052 irae

447 2092 765 2155 Oceidisse
794 2092 1079 2173 aliquem,
1108 2091 1219 2152 sed
1248 2100 1519 2173 pectora,
1545 2090 1813 2164 brachia,
1841 2089 2087 2151 vultum
2359 2104 2455 2153 170

446 2189 845 2252 Crediderint
870 2209 1068 2271 genus
1096 2207 1228 2250 esse
1256 2188 1395 2250 cibi.
1480 2187 1650 2260 Quid
1679 2186 1913 2248 diceret
1941 2206 2108 2269 ergo,

445 2289 574 2350 Vel
601 2307 725 2368 quo
750 2306 879 2349 non
905 2286 1166 2367 fugeret,
1194 2286 1247 2347 si
1272 2304 1441 2347 nunc
1466 2285 1621 2347 haec
1648 2293 1928 2346 monstra
1953 2284 2197 2346 videret

447 2385 859 2466 Pythagoras,
889 2382 1128 2444 cunctis
1157 2383 1524 2443 animalibus
1553 2382 1852 2444 abstinuit
1879 2381 1986 2462 qui

446 2482 773 2564 Tanquam
800 2479 1050 2542 homine
1078 2488 1143 2543 et
1170 2480 1377 2543 ventri
1403 2480 1664 2546 indulsit
1690 2500 1816 2544 non
1846 2499 2029 2542 omne
2055 2477 2345 2564 legumen
2360 2483 2399 2569 ‘1'-
