<?xml version="1.0" encoding="UTF-8"?>
<!DOCTYPE html PUBLIC "-//W3C//DTD XHTML 1.0 Transitional//EN"
    "http://www.w3.org/TR/xhtml1/DTD/xhtml1-transitional.dtd">
<html xmlns="http://www.w3.org/1999/xhtml" xml:lang="en" lang="en">
 <head>
  <title>
</title>
<meta http-equiv="Content-Type" content="text/html;charset=utf-8" />
  <meta name='ocr-system' content='tesseract 3.04.00' />
  <meta name='ocr-capabilities' content='ocr_page ocr_carea ocr_par ocr_line ocrx_word'/>
</head>
<body>
  <div class='ocr_page' id='page_1' title='image "./thirteensatires00unkngoog_0037.png"; bbox 0 0 2734 4017; ppageno 0'>
   <div class='ocr_carea' id='block_1_1' title="bbox 1111 225 2318 294">
    <p class='ocr_par' dir='ltr' id='par_1_1' title="bbox 1111 225 2318 294">
     <span class='ocr_line' id='line_1_1' title="bbox 1111 225 2318 294; baseline 0.01 -14"><span class='ocrx_word' id='word_1_1' title='bbox 1111 232 1387 281; x_wconf 75' lang='lat' dir='ltr'>sATfflA</span> <span class='ocrx_word' id='word_1_2' title='bbox 1429 235 1532 283; x_wconf 76' lang='lat' dir='ltr'>lv.</span> <span class='ocrx_word' id='word_1_3' title='bbox 2236 225 2318 294; x_wconf 81' lang='lat'>21</span> 
     </span>
    </p>
   </div>
   <div class='ocr_carea' id='block_1_2' title="bbox 293 396 2321 3519">
    <p class='ocr_par' dir='ltr' id='par_1_2' title="bbox 301 396 1931 482">
     <span class='ocr_line' id='line_1_2' title="bbox 301 396 1931 482; baseline 0.005 -22"><span class='ocrx_word' id='word_1_4' title='bbox 301 396 747 460; x_wconf 61' lang='lat' dir='ltr'>vehsa-ini</span> <span class='ocrx_word' id='word_1_5' title='bbox 763 397 1037 479; x_wconf 58' lang='lat' dir='ltr'>profit-re</span> <span class='ocrx_word' id='word_1_6' title='bbox 1063 407 1130 461; x_wconf 87' lang='lat' dir='ltr'>et</span> <span class='ocrx_word' id='word_1_7' title='bbox 1157 398 1352 461; x_wconf 86' lang='lat' dir='ltr'>vitam</span> <span class='ocrx_word' id='word_1_8' title='bbox 1378 400 1738 482; x_wconf 81' lang='lat' dir='ltr'>impendere</span> <span class='ocrx_word' id='word_1_9' title='bbox 1765 424 1931 469; x_wconf 86' lang='lat' dir='ltr'>vero.</span> 
     </span>
    </p>

    <p class='ocr_par' dir='ltr' id='par_1_3' title="bbox 305 495 1741 579">
     <span class='ocr_line' id='line_1_3' title="bbox 305 495 1741 579; baseline 0.002 -20"><span class='ocrx_word' id='word_1_10' title='bbox 305 498 412 559; x_wconf 87' lang='lat' dir='ltr'>Sic</span> <span class='ocrx_word' id='word_1_11' title='bbox 437 496 667 557; x_wconf 86' lang='lat' dir='ltr'>multas</span> <span class='ocrx_word' id='word_1_12' title='bbox 695 495 928 556; x_wconf 82' lang='lat' dir='ltr'>hiemes</span> <span class='ocrx_word' id='word_1_13' title='bbox 955 507 1143 577; x_wconf 86' lang='lat' dir='ltr'>atque</span> <span class='ocrx_word' id='word_1_14' title='bbox 1173 499 1554 579; x_wconf 87' lang='lat' dir='ltr'>octogesima</span> <span class='ocrx_word' id='word_1_15' title='bbox 1579 500 1741 563; x_wconf 88' lang='lat' dir='ltr'>vidit</span> 
     </span>
    </p>

    <p class='ocr_par' dir='ltr' id='par_1_4' title="bbox 304 592 1839 675">
     <span class='ocr_line' id='line_1_4' title="bbox 304 592 1839 675; baseline 0.004 -18"><span class='ocrx_word' id='word_1_16' title='bbox 304 593 607 667; x_wconf 84' lang='lat' dir='ltr'>Solstitia,</span> <span class='ocrx_word' id='word_1_17' title='bbox 633 592 731 653; x_wconf 89' lang='lat' dir='ltr'>his</span> <span class='ocrx_word' id='word_1_18' title='bbox 759 592 944 654; x_wconf 89' lang='lat' dir='ltr'>armis</span> <span class='ocrx_word' id='word_1_19' title='bbox 969 594 1079 654; x_wconf 89' lang='lat' dir='ltr'>illa</span> <span class='ocrx_word' id='word_1_20' title='bbox 1106 614 1353 675; x_wconf 89' lang='lat' dir='ltr'>quoque</span> <span class='ocrx_word' id='word_1_21' title='bbox 1381 605 1559 658; x_wconf 87' lang='lat' dir='ltr'>tutus</span> <span class='ocrx_word' id='word_1_22' title='bbox 1584 598 1651 660; x_wconf 91' lang='lat' dir='ltr'>in</span> <span class='ocrx_word' id='word_1_23' title='bbox 1679 602 1839 664; x_wconf 88' lang='lat' dir='ltr'>aula.</span> 
     </span>
    </p>

    <p class='ocr_par' dir='ltr' id='par_1_5' title="bbox 302 689 1777 772">
     <span class='ocr_line' id='line_1_5' title="bbox 302 689 1777 772; baseline 0.005 -18"><span class='ocrx_word' id='word_1_24' title='bbox 302 692 635 754; x_wconf 84' lang='lat' dir='ltr'>Proximus</span> <span class='ocrx_word' id='word_1_25' title='bbox 662 689 943 770; x_wconf 87' lang='lat' dir='ltr'>ejusdem</span> <span class='ocrx_word' id='word_1_26' title='bbox 970 694 1340 772; x_wconf 76' lang='lat' dir='ltr'>properabat</span> <span class='ocrx_word' id='word_1_27' title='bbox 1369 695 1611 758; x_wconf 82' lang='lat' dir='ltr'>Acilius</span> <span class='ocrx_word' id='word_1_28' title='bbox 1638 699 1777 761; x_wconf 86' lang='lat' dir='ltr'>aevi</span> 
     </span>
    </p>

    <p class='ocr_par' dir='ltr' id='par_1_6' title="bbox 301 789 2321 969">
     <span class='ocr_line' id='line_1_6' title="bbox 304 789 2321 872; baseline 0.004 -18"><span class='ocrx_word' id='word_1_29' title='bbox 304 792 469 854; x_wconf 81' lang='lat' dir='ltr'>Cum</span> <span class='ocrx_word' id='word_1_30' title='bbox 491 789 727 870; x_wconf 86' lang='lat' dir='ltr'>juvene</span> <span class='ocrx_word' id='word_1_31' title='bbox 755 789 1015 870; x_wconf 87' lang='lat' dir='ltr'>indigno</span> <span class='ocrx_word' id='word_1_32' title='bbox 1044 810 1230 872; x_wconf 90' lang='lat' dir='ltr'>quem</span> <span class='ocrx_word' id='word_1_33' title='bbox 1257 812 1422 855; x_wconf 91' lang='lat' dir='ltr'>mors</span> <span class='ocrx_word' id='word_1_34' title='bbox 1447 803 1579 856; x_wconf 89' lang='lat' dir='ltr'>tam</span> <span class='ocrx_word' id='word_1_35' title='bbox 1606 818 1793 860; x_wconf 84' lang='lat' dir='ltr'>saeva</span> <span class='ocrx_word' id='word_1_36' title='bbox 1817 809 2099 862; x_wconf 86' lang='lat' dir='ltr'>maneret</span> <span class='ocrx_word' id='word_1_37' title='bbox 2256 815 2321 862; x_wconf 81' lang='grc'>95</span> 
     </span>
     <span class='ocr_line' id='line_1_7' title="bbox 301 887 1767 969; baseline 0.006 -19"><span class='ocrx_word' id='word_1_38' title='bbox 301 889 392 950; x_wconf 90' lang='lat' dir='ltr'>Et</span> <span class='ocrx_word' id='word_1_39' title='bbox 416 887 675 949; x_wconf 86' lang='lat' dir='ltr'>Domini</span> <span class='ocrx_word' id='word_1_40' title='bbox 699 887 924 969; x_wconf 79' lang='lat' dir='ltr'>gladiis</span> <span class='ocrx_word' id='word_1_41' title='bbox 950 897 1081 950; x_wconf 88' lang='lat' dir='ltr'>tam</span> <span class='ocrx_word' id='word_1_42' title='bbox 1106 890 1437 953; x_wconf 86' lang='lat' dir='ltr'>festinata:</span> <span class='ocrx_word' id='word_1_43' title='bbox 1478 896 1589 957; x_wconf 91' lang='lat' dir='ltr'>sed</span> <span class='ocrx_word' id='word_1_44' title='bbox 1617 897 1767 958; x_wconf 85' lang='lat' dir='ltr'>olim</span> 
     </span>
    </p>

    <p class='ocr_par' dir='ltr' id='par_1_7' title="bbox 303 987 1746 1069">
     <span class='ocr_line' id='line_1_8' title="bbox 303 987 1746 1069; baseline 0.004 -21"><span class='ocrx_word' id='word_1_45' title='bbox 303 987 604 1069; x_wconf 86' lang='lat' dir='ltr'>Prodigio</span> <span class='ocrx_word' id='word_1_46' title='bbox 631 1007 744 1069; x_wconf 88' lang='lat' dir='ltr'>par</span> <span class='ocrx_word' id='word_1_47' title='bbox 771 998 868 1051; x_wconf 91' lang='lat' dir='ltr'>est</span> <span class='ocrx_word' id='word_1_48' title='bbox 895 1007 1038 1049; x_wconf 89' lang='lat' dir='ltr'>cum</span> <span class='ocrx_word' id='word_1_49' title='bbox 1065 988 1395 1052; x_wconf 90' lang='lat' dir='ltr'>nobilitate</span> <span class='ocrx_word' id='word_1_50' title='bbox 1422 1002 1746 1056; x_wconf 87' lang='lat' dir='ltr'>senectus:</span> 
     </span>
    </p>

    <p class='ocr_par' dir='ltr' id='par_1_8' title="bbox 293 1086 1842 1173">
     <span class='ocr_line' id='line_1_9' title="bbox 293 1086 1842 1173; baseline 0.002 -23"><span class='ocrx_word' id='word_1_51' title='bbox 293 1086 496 1150; x_wconf 76' lang='lat' dir='ltr'>‚Unde</span> <span class='ocrx_word' id='word_1_52' title='bbox 523 1087 613 1161; x_wconf 88' lang='lat' dir='ltr'>fit,</span> <span class='ocrx_word' id='word_1_53' title='bbox 644 1096 714 1148; x_wconf 87' lang='lat' dir='ltr'>ut</span> <span class='ocrx_word' id='word_1_54' title='bbox 740 1086 954 1147; x_wconf 89' lang='lat' dir='ltr'>malim</span> <span class='ocrx_word' id='word_1_55' title='bbox 981 1087 1347 1151; x_wconf 77' lang='lat' dir='ltr'>fraterculus</span> <span class='ocrx_word' id='word_1_56' title='bbox 1375 1111 1508 1153; x_wconf 90' lang='lat' dir='ltr'>esse</span> <span class='ocrx_word' id='word_1_57' title='bbox 1535 1091 1842 1173; x_wconf 83' lang='lat' dir='ltr'>Gigantis.</span> 
     </span>
    </p>

    <p class='ocr_par' dir='ltr' id='par_1_9' title="bbox 300 1185 1865 1268">
     <span class='ocr_line' id='line_1_10' title="bbox 300 1185 1865 1268; baseline 0.003 -22"><span class='ocrx_word' id='word_1_58' title='bbox 300 1185 548 1247; x_wconf 88' lang='lat' dir='ltr'>Profuit</span> <span class='ocrx_word' id='word_1_59' title='bbox 574 1205 723 1266; x_wconf 88' lang='lat' dir='ltr'>ergo</span> <span class='ocrx_word' id='word_1_60' title='bbox 751 1185 904 1247; x_wconf 85' lang='lat' dir='ltr'><strong>nihil</strong></span> <span class='ocrx_word' id='word_1_61' title='bbox 930 1186 1157 1248; x_wconf 84' lang='lat' dir='ltr'>misero</span> <span class='ocrx_word' id='word_1_62' title='bbox 1185 1189 1354 1268; x_wconf 89' lang='lat' dir='ltr'>quod</span> <span class='ocrx_word' id='word_1_63' title='bbox 1383 1188 1661 1250; x_wconf 87' lang='lat' dir='ltr'>cominus</span> <span class='ocrx_word' id='word_1_64' title='bbox 1687 1187 1865 1251; x_wconf 74' lang='lat' dir='ltr'>urso&#39;s</span> 
     </span>
    </p>

    <p class='ocr_par' dir='ltr' id='par_1_10' title="bbox 299 1283 2319 1466">
     <span class='ocr_line' id='line_1_11' title="bbox 301 1283 2319 1365; baseline 0.001 -21"><span class='ocrx_word' id='word_1_65' title='bbox 301 1284 571 1365; x_wconf 85' lang='lat' dir='ltr'>Figebat</span> <span class='ocrx_word' id='word_1_66' title='bbox 595 1283 904 1345; x_wconf 87' lang='lat' dir='ltr'>Numidas</span> <span class='ocrx_word' id='word_1_67' title='bbox 931 1284 1183 1346; x_wconf 88' lang='lat' dir='ltr'>Albana</span> <span class='ocrx_word' id='word_1_68' title='bbox 1209 1286 1416 1347; x_wconf 91' lang='lat' dir='ltr'>nudus</span> <span class='ocrx_word' id='word_1_69' title='bbox 1443 1305 1631 1347; x_wconf 87' lang='lat' dir='ltr'>arena</span> <span class='ocrx_word' id='word_1_70' title='bbox 2224 1300 2319 1347; x_wconf 86' lang='lat'>100</span> 
     </span>
     <span class='ocr_line' id='line_1_12' title="bbox 299 1383 1887 1466; baseline 0.001 -21"><span class='ocrx_word' id='word_1_71' title='bbox 299 1383 603 1446; x_wconf 84' lang='lat' dir='ltr'>Venator.</span> <span class='ocrx_word' id='word_1_72' title='bbox 684 1383 843 1457; x_wconf 78' lang='lat' dir='ltr'>Quis</span> <span class='ocrx_word' id='word_1_73' title='bbox 870 1384 1037 1445; x_wconf 90' lang='lat' dir='ltr'>enim</span> <span class='ocrx_word' id='word_1_74' title='bbox 1064 1384 1200 1464; x_wconf 87' lang='lat' dir='ltr'>jam</span> <span class='ocrx_word' id='word_1_75' title='bbox 1227 1405 1355 1446; x_wconf 90' lang='lat' dir='ltr'>non</span> <span class='ocrx_word' id='word_1_76' title='bbox 1383 1384 1695 1466; x_wconf 86' lang='lat' dir='ltr'>intelligat</span> <span class='ocrx_word' id='word_1_77' title='bbox 1722 1392 1887 1446; x_wconf 86' lang='lat' dir='ltr'>artes</span> 
     </span>
    </p>

    <p class='ocr_par' dir='ltr' id='par_1_11' title="bbox 301 1481 1970 1563">
     <span class='ocr_line' id='line_1_13' title="bbox 301 1481 1970 1563; baseline 0.001 -21"><span class='ocrx_word' id='word_1_78' title='bbox 301 1481 606 1544; x_wconf 88' lang='lat' dir='ltr'>Patricias</span> <span class='ocrx_word' id='word_1_79' title='bbox 624 1482 655 1541; x_wconf 72' lang='lat'>1³</span> <span class='ocrx_word' id='word_1_80' title='bbox 736 1482 894 1556; x_wconf 83' lang='lat' dir='ltr'>Quis</span> <span class='ocrx_word' id='word_1_81' title='bbox 921 1481 1193 1563; x_wconf 87' lang='lat' dir='ltr'>priscum</span> <span class='ocrx_word' id='word_1_82' title='bbox 1219 1482 1374 1543; x_wconf 91' lang='lat' dir='ltr'>illud</span> <span class='ocrx_word' id='word_1_83' title='bbox 1403 1482 1663 1543; x_wconf 86' lang='lat' dir='ltr'>miratur</span> <span class='ocrx_word' id='word_1_84' title='bbox 1690 1502 1970 1557; x_wconf 78' lang='lat' dir='ltr'>acumen,</span> 
     </span>
    </p>

    <p class='ocr_par' dir='ltr' id='par_1_12' title="bbox 299 1578 2001 1661">
     <span class='ocr_line' id='line_1_14' title="bbox 299 1578 2001 1661; baseline 0.001 -22"><span class='ocrx_word' id='word_1_85' title='bbox 299 1578 518 1656; x_wconf 87' lang='lat' dir='ltr'>Brute,</span> <span class='ocrx_word' id='word_1_86' title='bbox 545 1589 725 1642; x_wconf 90' lang='lat' dir='ltr'>tuum</span> <span class='ocrx_word' id='word_1_87' title='bbox 745 1581 776 1640; x_wconf 73' lang='lat'>1³</span> <span class='ocrx_word' id='word_1_88' title='bbox 855 1579 1065 1641; x_wconf 86' lang='lat' dir='ltr'>Facile</span> <span class='ocrx_word' id='word_1_89' title='bbox 1094 1589 1190 1641; x_wconf 88' lang='lat' dir='ltr'>est</span> <span class='ocrx_word' id='word_1_90' title='bbox 1215 1580 1477 1659; x_wconf 83' lang='lat' dir='ltr'>barbato</span> <span class='ocrx_word' id='word_1_91' title='bbox 1503 1579 1820 1660; x_wconf 87' lang='lat' dir='ltr'>imponere</span> <span class='ocrx_word' id='word_1_92' title='bbox 1847 1579 2001 1661; x_wconf 86' lang='lat' dir='ltr'>regi.</span> 
     </span>
    </p>

    <p class='ocr_par' dir='ltr' id='par_1_13' title="bbox 300 1674 1679 1759">
     <span class='ocr_line' id='line_1_15' title="bbox 300 1674 1679 1759; baseline 0.002 -23"><span class='ocrx_word' id='word_1_93' title='bbox 300 1674 441 1738; x_wconf 89' lang='lat' dir='ltr'>Nec</span> <span class='ocrx_word' id='word_1_94' title='bbox 467 1677 684 1739; x_wconf 88' lang='lat' dir='ltr'>melior</span> <span class='ocrx_word' id='word_1_95' title='bbox 709 1678 890 1739; x_wconf 83' lang='lat' dir='ltr'>vultu</span> <span class='ocrx_word' id='word_1_96' title='bbox 920 1677 1203 1759; x_wconf 89' lang='lat' dir='ltr'>quamvis</span> <span class='ocrx_word' id='word_1_97' title='bbox 1230 1677 1521 1758; x_wconf 88' lang='lat' dir='ltr'>ignobilis</span> <span class='ocrx_word' id='word_1_98' title='bbox 1546 1678 1679 1739; x_wconf 89' lang='lat' dir='ltr'>ibat</span> 
     </span>
    </p>

    <p class='ocr_par' dir='ltr' id='par_1_14' title="bbox 298 1773 2316 1953">
     <span class='ocr_line' id='line_1_16' title="bbox 298 1773 2316 1855; baseline -0 -20"><span class='ocrx_word' id='word_1_99' title='bbox 298 1773 591 1849; x_wconf 87' lang='lat' dir='ltr'>Rubrius,</span> <span class='ocrx_word' id='word_1_100' title='bbox 620 1775 887 1836; x_wconf 85' lang='lat' dir='ltr'>offensae</span> <span class='ocrx_word' id='word_1_101' title='bbox 914 1774 1144 1836; x_wconf 88' lang='lat' dir='ltr'>veteris</span> <span class='ocrx_word' id='word_1_102' title='bbox 1171 1794 1312 1836; x_wconf 88' lang='lat' dir='ltr'>reus</span> <span class='ocrx_word' id='word_1_103' title='bbox 1340 1784 1527 1855; x_wconf 84' lang='lat' dir='ltr'>atque</span> <span class='ocrx_word' id='word_1_104' title='bbox 1555 1773 1876 1848; x_wconf 80' lang='lat' dir='ltr'>tacendae,</span> <span class='ocrx_word' id='word_1_105' title='bbox 2220 1788 2316 1834; x_wconf 79' lang='lat'>105</span> 
     </span>
     <span class='ocr_line' id='line_1_17' title="bbox 298 1870 1920 1953; baseline -0.001 -20"><span class='ocrx_word' id='word_1_106' title='bbox 298 1871 387 1934; x_wconf 87' lang='lat' dir='ltr'>Et</span> <span class='ocrx_word' id='word_1_107' title='bbox 414 1881 626 1934; x_wconf 90' lang='lat' dir='ltr'>tamen</span> <span class='ocrx_word' id='word_1_108' title='bbox 652 1871 990 1953; x_wconf 90' lang='lat' dir='ltr'>improbior</span> <span class='ocrx_word' id='word_1_109' title='bbox 1018 1872 1274 1933; x_wconf 89' lang='lat' dir='ltr'>satiram</span> <span class='ocrx_word' id='word_1_110' title='bbox 1301 1872 1610 1934; x_wconf 84' lang='lat' dir='ltr'>scribente</span> <span class='ocrx_word' id='word_1_111' title='bbox 1640 1870 1920 1932; x_wconf 85' lang='lat' dir='ltr'>cinaedo.</span> 
     </span>
    </p>

    <p class='ocr_par' dir='ltr' id='par_1_15' title="bbox 297 1969 1954 2052">
     <span class='ocr_line' id='line_1_18' title="bbox 297 1969 1954 2052; baseline -0.002 -21"><span class='ocrx_word' id='word_1_112' title='bbox 297 1970 586 2033; x_wconf 86' lang='lat' dir='ltr'>Montani</span> <span class='ocrx_word' id='word_1_113' title='bbox 614 1990 861 2052; x_wconf 90' lang='lat' dir='ltr'>quoque</span> <span class='ocrx_word' id='word_1_114' title='bbox 889 1980 1110 2032; x_wconf 88' lang='lat' dir='ltr'>venter</span> <span class='ocrx_word' id='word_1_115' title='bbox 1137 1971 1331 2045; x_wconf 87' lang='lat' dir='ltr'>adest,</span> <span class='ocrx_word' id='word_1_116' title='bbox 1360 1970 1690 2031; x_wconf 87' lang='lat' dir='ltr'>abdomine</span> <span class='ocrx_word' id='word_1_117' title='bbox 1718 1969 1954 2044; x_wconf 87' lang='lat' dir='ltr'>tardus,</span> 
     </span>
    </p>

    <p class='ocr_par' dir='ltr' id='par_1_16' title="bbox 298 2067 1611 2149">
     <span class='ocr_line' id='line_1_19' title="bbox 298 2067 1611 2149; baseline -0.001 -20"><span class='ocrx_word' id='word_1_118' title='bbox 298 2067 387 2130; x_wconf 85' lang='lat' dir='ltr'>Et</span> <span class='ocrx_word' id='word_1_119' title='bbox 413 2068 725 2130; x_wconf 84' lang='lat' dir='ltr'>matutino</span> <span class='ocrx_word' id='word_1_120' title='bbox 753 2070 984 2130; x_wconf 88' lang='lat' dir='ltr'>sudans</span> <span class='ocrx_word' id='word_1_121' title='bbox 1014 2068 1335 2149; x_wconf 81' lang='lat' dir='ltr'>Crispinus</span> <span class='ocrx_word' id='word_1_122' title='bbox 1365 2087 1611 2129; x_wconf 92' lang='lat' dir='ltr'>amomo</span> 
     </span>
    </p>

    <p class='ocr_par' dir='ltr' id='par_1_17' title="bbox 300 2165 1925 2242">
     <span class='ocr_line' id='line_1_20' title="bbox 300 2165 1925 2242; baseline -0.001 -14"><span class='ocrx_word' id='word_1_123' title='bbox 300 2168 621 2241; x_wconf 82' lang='lat' dir='ltr'>Quantum</span> <span class='ocrx_word' id='word_1_124' title='bbox 648 2167 756 2228; x_wconf 84' lang='lat' dir='ltr'>vix</span> <span class='ocrx_word' id='word_1_125' title='bbox 783 2167 1070 2228; x_wconf 91' lang='lat' dir='ltr'>redolent</span> <span class='ocrx_word' id='word_1_126' title='bbox 1096 2168 1224 2227; x_wconf 89' lang='lat' dir='ltr'>duo</span> <span class='ocrx_word' id='word_1_127' title='bbox 1251 2168 1506 2242; x_wconf 83' lang='lat' dir='ltr'>funera3</span> <span class='ocrx_word' id='word_1_128' title='bbox 1549 2165 1790 2228; x_wconf 85' lang='lat' dir='ltr'>saevior</span> <span class='ocrx_word' id='word_1_129' title='bbox 1813 2165 1925 2227; x_wconf 91' lang='lat' dir='ltr'>illo</span> 
     </span>
    </p>

    <p class='ocr_par' dir='ltr' id='par_1_18' title="bbox 297 2263 2317 2443">
     <span class='ocr_line' id='line_1_21' title="bbox 298 2263 2317 2345; baseline -0.001 -21"><span class='ocrx_word' id='word_1_130' title='bbox 298 2263 637 2345; x_wconf 89' lang='lat' dir='ltr'>Pompeius</span> <span class='ocrx_word' id='word_1_131' title='bbox 662 2265 840 2326; x_wconf 92' lang='lat' dir='ltr'>tenui</span> <span class='ocrx_word' id='word_1_132' title='bbox 860 2265 1116 2345; x_wconf 85' lang='lat' dir='ltr'>jugulos</span> <span class='ocrx_word' id='word_1_133' title='bbox 1144 2264 1382 2344; x_wconf 88' lang='lat' dir='ltr'>aperire</span> <span class='ocrx_word' id='word_1_134' title='bbox 1411 2282 1692 2340; x_wconf 82' lang='lat' dir='ltr'>susurr03</span> <span class='ocrx_word' id='word_1_135' title='bbox 2221 2275 2317 2322; x_wconf 85' lang='lat'>110</span> 
     </span>
     <span class='ocr_line' id='line_1_22' title="bbox 297 2359 1693 2443; baseline -0.001 -20"><span class='ocrx_word' id='word_1_136' title='bbox 297 2361 385 2423; x_wconf 85' lang='lat' dir='ltr'>Et</span> <span class='ocrx_word' id='word_1_137' title='bbox 411 2361 519 2443; x_wconf 90' lang='lat' dir='ltr'>qui</span> <span class='ocrx_word' id='word_1_138' title='bbox 546 2361 895 2424; x_wconf 86' lang='lat' dir='ltr'>vulturibus</span> <span class='ocrx_word' id='word_1_139' title='bbox 923 2361 1211 2422; x_wconf 85' lang='lat' dir='ltr'>servabat</span> <span class='ocrx_word' id='word_1_140' title='bbox 1236 2360 1476 2421; x_wconf 86' lang='lat' dir='ltr'>viscera</span> <span class='ocrx_word' id='word_1_141' title='bbox 1503 2359 1693 2421; x_wconf 88' lang='lat' dir='ltr'>Dacis</span> 
     </span>
    </p>

    <p class='ocr_par' dir='ltr' id='par_1_19' title="bbox 297 2457 1762 2538">
     <span class='ocr_line' id='line_1_23' title="bbox 297 2457 1762 2538; baseline -0.002 -19"><span class='ocrx_word' id='word_1_142' title='bbox 297 2458 553 2535; x_wconf 85' lang='lat' dir='ltr'>Fuscus,</span> <span class='ocrx_word' id='word_1_143' title='bbox 579 2478 921 2520; x_wconf 84' lang='lat' dir='ltr'>marmorea</span> <span class='ocrx_word' id='word_1_144' title='bbox 947 2459 1287 2519; x_wconf 86' lang='lat' dir='ltr'>meditatus</span> <span class='ocrx_word' id='word_1_145' title='bbox 1313 2458 1548 2538; x_wconf 91' lang='lat' dir='ltr'>proelia</span> <span class='ocrx_word' id='word_1_146' title='bbox 1572 2457 1762 2533; x_wconf 80' lang='lat' dir='ltr'>villa3</span> 
     </span>
    </p>

    <p class='ocr_par' dir='ltr' id='par_1_20' title="bbox 296 2553 1802 2638">
     <span class='ocr_line' id='line_1_24' title="bbox 296 2553 1802 2638; baseline 0 -22"><span class='ocrx_word' id='word_1_147' title='bbox 296 2555 385 2618; x_wconf 83' lang='lat' dir='ltr'>Et</span> <span class='ocrx_word' id='word_1_148' title='bbox 412 2577 557 2619; x_wconf 90' lang='lat' dir='ltr'>cnm</span> <span class='ocrx_word' id='word_1_149' title='bbox 582 2557 899 2619; x_wconf 86' lang='lat' dir='ltr'>mortifero</span> <span class='ocrx_word' id='word_1_150' title='bbox 927 2557 1199 2638; x_wconf 89' lang='lat' dir='ltr'>prudens</span> <span class='ocrx_word' id='word_1_151' title='bbox 1228 2555 1504 2616; x_wconf 89' lang='lat' dir='ltr'>Veiento</span> <span class='ocrx_word' id='word_1_152' title='bbox 1534 2553 1802 2629; x_wconf 79' lang='lat' dir='ltr'>catullo,</span> 
     </span>
    </p>

    <p class='ocr_par' dir='ltr' id='par_1_21' title="bbox 299 2652 1819 2736">
     <span class='ocr_line' id='line_1_25' title="bbox 299 2652 1819 2736; baseline -0.003 -21"><span class='ocrx_word' id='word_1_153' title='bbox 299 2654 427 2728; x_wconf 79' lang='lat' dir='ltr'>Qui</span> <span class='ocrx_word' id='word_1_154' title='bbox 452 2674 769 2736; x_wconf 87' lang='lat' dir='ltr'>nunquam</span> <span class='ocrx_word' id='word_1_155' title='bbox 795 2655 964 2715; x_wconf 86' lang='lat' dir='ltr'>visae</span> <span class='ocrx_word' id='word_1_156' title='bbox 990 2652 1295 2734; x_wconf 86' lang='lat' dir='ltr'>flagrabat</span> <span class='ocrx_word' id='word_1_157' title='bbox 1323 2670 1530 2714; x_wconf 92' lang='lat' dir='ltr'>amore</span> <span class='ocrx_word' id='word_1_158' title='bbox 1558 2652 1819 2732; x_wconf 85' lang='lat' dir='ltr'>puellae,</span> 
     </span>
    </p>

    <p class='ocr_par' dir='ltr' id='par_1_22' title="bbox 297 2752 2288 2832">
     <span class='ocr_line' id='line_1_26' title="bbox 297 2752 2288 2832; baseline -0.004 -20"><span class='ocrx_word' id='word_1_159' title='bbox 297 2752 549 2813; x_wconf 83' lang='lat' dir='ltr'>Grande</span> <span class='ocrx_word' id='word_1_160' title='bbox 578 2761 644 2814; x_wconf 91' lang='lat' dir='ltr'>et</span> <span class='ocrx_word' id='word_1_161' title='bbox 670 2752 1071 2832; x_wconf 87' lang='lat' dir='ltr'>conspicuum</span> <span class='ocrx_word' id='word_1_162' title='bbox 1097 2760 1312 2811; x_wconf 85' lang='lat' dir='ltr'>nostro</span> <span class='ocrx_word' id='word_1_163' title='bbox 1340 2768 1586 2830; x_wconf 90' lang='lat' dir='ltr'>quoque</span> <span class='ocrx_word' id='word_1_164' title='bbox 1612 2758 1894 2828; x_wconf 88' lang='lat' dir='ltr'>tempore</span> <span class='ocrx_word' id='word_1_165' title='bbox 1920 2754 2288 2820; x_wconf 88' lang='lat' dir='ltr'>monstrum,</span> 
     </span>
    </p>

    <p class='ocr_par' dir='ltr' id='par_1_23' title="bbox 297 2845 2315 3029">
     <span class='ocr_line' id='line_1_27' title="bbox 300 2845 2315 2930; baseline -0.004 -19"><span class='ocrx_word' id='word_1_166' title='bbox 300 2850 535 2911; x_wconf 86' lang='lat' dir='ltr'>Caecus</span> <span class='ocrx_word' id='word_1_167' title='bbox 563 2850 866 2923; x_wconf 88' lang='lat' dir='ltr'>adulator,</span> <span class='ocrx_word' id='word_1_168' title='bbox 894 2850 1186 2930; x_wconf 87' lang='lat' dir='ltr'>dirusque</span> <span class='ocrx_word' id='word_1_169' title='bbox 1215 2868 1252 2908; x_wconf 94' lang='lat' dir='ltr'>a</span> <span class='ocrx_word' id='word_1_170' title='bbox 1277 2857 1471 2929; x_wconf 88' lang='lat' dir='ltr'>ponte</span> <span class='ocrx_word' id='word_1_171' title='bbox 1500 2845 1765 2920; x_wconf 87' lang='lat' dir='ltr'>satelles,</span> <span class='ocrx_word' id='word_1_172' title='bbox 2219 2857 2315 2903; x_wconf 86' lang='lat'>116</span> 
     </span>
     <span class='ocr_line' id='line_1_28' title="bbox 297 2944 1703 3029; baseline -0.003 -23"><span class='ocrx_word' id='word_1_173' title='bbox 297 2947 544 3028; x_wconf 89' lang='lat' dir='ltr'>Dignus</span> <span class='ocrx_word' id='word_1_174' title='bbox 568 2947 858 3009; x_wconf 89' lang='lat' dir='ltr'>Aricinos</span> <span class='ocrx_word' id='word_1_175' title='bbox 886 2948 992 3029; x_wconf 90' lang='lat' dir='ltr'>qui</span> <span class='ocrx_word' id='word_1_176' title='bbox 1020 2946 1403 3009; x_wconf 90' lang='lat' dir='ltr'>mendicaret</span> <span class='ocrx_word' id='word_1_177' title='bbox 1431 2944 1511 3004; x_wconf 89' lang='lat' dir='ltr'>ad</span> <span class='ocrx_word' id='word_1_178' title='bbox 1539 2962 1703 3016; x_wconf 84' lang='lat' dir='ltr'>axes,</span> 
     </span>
    </p>

    <p class='ocr_par' dir='ltr' id='par_1_24' title="bbox 300 3040 1739 3127">
     <span class='ocr_line' id='line_1_29' title="bbox 300 3040 1739 3127; baseline -0.003 -24"><span class='ocrx_word' id='word_1_179' title='bbox 300 3044 663 3126; x_wconf 86' lang='lat' dir='ltr'>Blandaque</span> <span class='ocrx_word' id='word_1_180' title='bbox 692 3048 966 3107; x_wconf 80' lang='lat' dir='ltr'>devexae</span> <span class='ocrx_word' id='word_1_181' title='bbox 994 3047 1264 3127; x_wconf 83' lang='lat' dir='ltr'>jactaret</span> <span class='ocrx_word' id='word_1_182' title='bbox 1289 3042 1465 3104; x_wconf 90' lang='lat' dir='ltr'>basia</span> <span class='ocrx_word' id='word_1_183' title='bbox 1489 3040 1739 3101; x_wconf 88' lang='lat' dir='ltr'>rhedae.</span> 
     </span>
    </p>

    <p class='ocr_par' dir='ltr' id='par_1_25' title="bbox 300 3134 2073 3226">
     <span class='ocr_line' id='line_1_30' title="bbox 300 3134 2073 3226; baseline -0.007 -20"><span class='ocrx_word' id='word_1_184' title='bbox 300 3144 506 3206; x_wconf 89' lang='lat' dir='ltr'>Nemo</span> <span class='ocrx_word' id='word_1_185' title='bbox 535 3146 734 3226; x_wconf 85' lang='lat' dir='ltr'>magis</span> <span class='ocrx_word' id='word_1_186' title='bbox 762 3145 1090 3205; x_wconf 90' lang='lat' dir='ltr'>rhombum</span> <span class='ocrx_word' id='word_1_187' title='bbox 1120 3142 1361 3222; x_wconf 86' lang='lat' dir='ltr'>stupuit</span> <span class='ocrx_word' id='word_1_188' title='bbox 1386 3161 1400 3201; x_wconf 86' lang='lat'>:</span> <span class='ocrx_word' id='word_1_189' title='bbox 1443 3160 1587 3199; x_wconf 88' lang='lat' dir='ltr'>nam</span> <span class='ocrx_word' id='word_1_190' title='bbox 1616 3136 1882 3218; x_wconf 90' lang='lat' dir='ltr'>plurima</span> <span class='ocrx_word' id='word_1_191' title='bbox 1910 3134 2073 3194; x_wconf 85' lang='lat' dir='ltr'>dixit</span> 
     </span>
    </p>

    <p class='ocr_par' dir='ltr' id='par_1_26' title="bbox 300 3236 2315 3419">
     <span class='ocr_line' id='line_1_31' title="bbox 301 3236 2315 3317; baseline -0.007 -15"><span class='ocrx_word' id='word_1_192' title='bbox 301 3241 376 3303; x_wconf 91' lang='lat' dir='ltr'>In</span> <span class='ocrx_word' id='word_1_193' title='bbox 405 3244 657 3303; x_wconf 88' lang='lat' dir='ltr'>laevum</span> <span class='ocrx_word' id='word_1_194' title='bbox 685 3260 1033 3315; x_wconf 78' lang='lat' dir='ltr'>conversuS,</span> <span class='ocrx_word' id='word_1_195' title='bbox 1065 3251 1130 3302; x_wconf 90' lang='lat' dir='ltr'>at</span> <span class='ocrx_word' id='word_1_196' title='bbox 1155 3241 1247 3301; x_wconf 91' lang='lat' dir='ltr'>illi</span> <span class='ocrx_word' id='word_1_197' title='bbox 1277 3240 1500 3299; x_wconf 88' lang='lat' dir='ltr'>dextra</span> <span class='ocrx_word' id='word_1_198' title='bbox 1527 3236 1779 3317; x_wconf 86' lang='lat' dir='ltr'>jacebat</span> <span class='ocrx_word' id='word_1_199' title='bbox 2222 3241 2315 3288; x_wconf 81' lang='lat'>120</span> 
     </span>
     <span class='ocr_line' id='line_1_32' title="bbox 300 3332 1834 3419; baseline -0.006 -19"><span class='ocrx_word' id='word_1_200' title='bbox 300 3339 538 3401; x_wconf 88' lang='lat' dir='ltr'>Bellua.</span> <span class='ocrx_word' id='word_1_201' title='bbox 622 3339 725 3400; x_wconf 89' lang='lat' dir='ltr'>Sic</span> <span class='ocrx_word' id='word_1_202' title='bbox 752 3357 992 3419; x_wconf 84' lang='lat' dir='ltr'>pugnas</span> <span class='ocrx_word' id='word_1_203' title='bbox 1021 3338 1229 3399; x_wconf 83' lang='lat' dir='ltr'>Cilicis</span> <span class='ocrx_word' id='word_1_204' title='bbox 1256 3335 1553 3397; x_wconf 87' lang='lat' dir='ltr'>laudabat</span> <span class='ocrx_word' id='word_1_205' title='bbox 1582 3343 1646 3394; x_wconf 89' lang='lat' dir='ltr'>et</span> <span class='ocrx_word' id='word_1_206' title='bbox 1672 3332 1834 3392; x_wconf 88' lang='lat' dir='ltr'>ictus</span> 
     </span>
    </p>

    <p class='ocr_par' dir='ltr' id='par_1_27' title="bbox 298 3431 1785 3519">
     <span class='ocr_line' id='line_1_33' title="bbox 298 3431 1785 3519; baseline -0.007 -19"><span class='ocrx_word' id='word_1_207' title='bbox 298 3435 386 3500; x_wconf 87' lang='lat' dir='ltr'>Et</span> <span class='ocrx_word' id='word_1_208' title='bbox 413 3444 735 3519; x_wconf 78' lang='lat' dir='ltr'>pegma-et</span> <span class='ocrx_word' id='word_1_209' title='bbox 761 3454 986 3516; x_wconf 88' lang='lat' dir='ltr'>pueros</span> <span class='ocrx_word' id='word_1_210' title='bbox 1011 3434 1160 3496; x_wconf 91' lang='lat' dir='ltr'>inde</span> <span class='ocrx_word' id='word_1_211' title='bbox 1188 3434 1267 3493; x_wconf 88' lang='lat' dir='ltr'>ad</span> <span class='ocrx_word' id='word_1_212' title='bbox 1296 3431 1529 3495; x_wconf 86' lang='lat' dir='ltr'>velaria</span> <span class='ocrx_word' id='word_1_213' title='bbox 1555 3438 1785 3510; x_wconf 86' lang='lat' dir='ltr'>raptos.</span> 
     </span>
    </p>
   </div>
  </div>
 </body>
</html>
