2734 4017
340 163 423 229 90
972 184 1047 233 D.
1079 184 1289 233 Jtmn
1330 186 1749 237 JUVENALIS

1075 928 1407 992 SATIRA
1457 930 1610 996 XV.

505 1119 653 1183 UIS
683 1122 898 1198 nescit,
924 1122 1151 1186 Volusi
1175 1123 1530 1206 Bithynice,
1558 1126 1765 1207 qualia
1792 1127 2048 1191 demens

556 1217 887 1299 Aegyptus
913 1230 1205 1300 portenta
1232 1223 1399 1286 colat
1413 1224 1444 1284 ⁴?
1526 1224 1900 1287 Crocodilon
1929 1227 2146 1288 adorat

333 1317 490 1378 Pars
517 1317 687 1392 haec,
715 1316 823 1377 illa
848 1328 1037 1397 pavet
1066 1329 1341 1380 saturam
1369 1322 1757 1402 serpentibus
1783 1322 1932 1383 ibin.

332 1414 586 1495 Effigies
615 1414 771 1475 sacri
799 1413 960 1476 nitet
988 1434 1174 1477 aurea
1203 1419 1615 1498 cercopitheci

332 1510 611 1573 Dimidio
641 1510 915 1593 magicae
945 1523 1237 1576 resonant
1265 1515 1373 1576 ubi
1399 1514 1736 1578 Memnone
1765 1516 2034 1578 chordae

331 1610 546 1691 Atque
575 1618 757 1671 vetus
785 1610 1000 1671 Thebe
1032 1620 1284 1672 centum
1301 1612 1475 1693 jacet
1504 1613 1728 1675 obruta
1752 1614 1964 1694 portis.

332 1707 471 1768 Illic
499 1707 757 1783 aeluros,
785 1707 887 1769 hic
914 1708 1146 1788 piscem
1175 1708 1464 1784 fluminis,
1492 1709 1620 1772 illic

332 1805 580 1885 Oppida
606 1815 745 1867 tota
771 1825 989 1867 canem
1018 1816 1411 1882 venerantur,
1438 1828 1623 1870 nemo
1650 1806 1935 1869 Dianam.

330 1902 595 1964 Porrum
623 1913 688 1965 et
717 1922 904 1984 caepe
932 1903 1103 1965 nefas
1131 1904 1363 1966 violare
1395 1914 1461 1967 et
1488 1906 1768 1986 frangere
1796 1925 2022 1966 morsu.

331 2000 388 2061 Ο
418 2009 661 2062 sanctas
687 2011 924 2081 gentes,
956 2001 1178 2081 quibus
1204 2002 1359 2063 haec
1388 2013 1726 2063 nascuntur
1751 2003 1816 2064 in
1845 2001 2041 2064 hortis

328 2097 640 2158 Numina!
723 2097 977 2158 Lanatis
1007 2098 1375 2160 animalibus
1406 2098 1675 2160 abstinet
1702 2099 1903 2164 omnis

326 2192 566 2269 Mensa,
594 2195 766 2256 nefas
793 2194 920 2256 illic
948 2195 1144 2255 fetum
1164 2196 1457 2277 jugulare
1487 2196 1794 2276 capellae3

331 2291 635 2354 Carnibus
662 2292 948 2353 humanis
978 2293 1145 2354 vesci
1174 2293 1337 2354 licet.
1421 2292 1720 2354 Attonito
1748 2313 1939 2374 quum

328 2388 481 2448 Tale
509 2408 695 2469 super
722 2408 978 2451 coenam
1006 2389 1244 2450 facinus
1271 2399 1550 2451 narraret
1581 2389 1803 2453 Ulixes

326 2486 612 2562 Alcinoo,
642 2487 831 2548 bilem
860 2496 969 2548 aut
997 2487 1188 2549 risum
1217 2489 1478 2549 fortasse
1507 2487 1874 2567 quibusdam

325 2581 615 2645 Moverat
643 2594 715 2646 ut
743 2585 1012 2646 mendax
1042 2585 1412 2665 aretalogus.
1493 2583 1622 2643 “In
1651 2603 1818 2644 mare
1846 2604 2030 2646 nemo

326 2679 515 2741 Hunc
543 2681 749 2757 abicit,
781 2701 966 2743 saeva
994 2682 1252 2762 dignum
1282 2700 1550 2761 veraque
1580 2680 1915 2761 Charybdi,

326 2776 702 2858 Fingentem
731 2778 1031 2840 immanes
1059 2778 1515 2859 Laestrygonas
1545 2786 1732 2858 atque
1763 2778 2112 2858 Cyclopas?

325 2874 494 2934 Nam
525 2874 705 2936 citius
737 2875 1011 2957 Scyllam
1039 2877 1139 2937 vel
1167 2876 1597 2938 concurrentia
1624 2894 1773 2937 saxa

326 2973 596 3051 Cyanea,
626 2973 842 3053 plenos
872 2983 935 3035 et
966 2973 1440 3054 tempestatibus
1468 2983 1637 3034 utres

326 3069 728 3145 Crediderim,
758 3080 866 3131 aut
895 3070 1068 3130 tenui
1096 3090 1458 3150 percussum
1485 3070 1738 3131 verbere
1769 3068 1978 3132 Circes

323 3164 412 3226 Et
440 3185 582 3228 cum
609 3166 944 3247 remigibus
970 3166 1295 3247 grunnisse
1325 3166 1640 3247 Elpenora
1664 3167 1884 3248 porcis,

325 3264 485 3324 Tam
514 3263 694 3324 vacui
723 3262 942 3342 capitis
969 3264 1268 3342 populum
1296 3262 1585 3324 Phaeaca
1610 3265 1856 3344 putavit
1872 3266 1900 3324 ’.Ρ
1919 3264 1951 3293 ”

327 3360 431 3421 Sic
460 3359 680 3441 aliquis
706 3358 929 3420 merito
957 3358 1236 3419 nondum
1265 3359 1472 3420 ebrius
1499 3369 1564 3421 et
1591 3360 1915 3422 minimum
1945 3361 2050 3442 qui

2282 2019 2344 2063 10

2276 2503 2340 2549 15

2272 2985 2338 3032 20
