2734 4017
373 221 460 286 60
984 238 1056 285 D.
1087 237 1293 286 Jtmn
1336 236 1750 286 Juvmmms

370 401 638 478 Persice,
664 424 790 465 non
817 413 1128 485 praestem
1154 404 1288 464 vita
1312 403 1416 464 vel
1442 404 1716 465 moribus
1746 412 1813 466 et
1837 423 1925 480 re,

373 498 499 560 Sed
527 500 775 561 laudem
804 500 1053 579 siliquas
1082 501 1358 561 occultus
1385 520 1604 580 ganeo,
1631 500 1839 581 pultes

372 596 598 658 Coram
626 596 760 657 aliis
788 597 1020 657 dictem
1046 617 1239 677 puero
1267 597 1378 657 sed
1405 597 1469 657 in
1500 617 1645 659 aure
1672 598 2011 677 placentas·

369 692 539 753 Nam
568 712 757 773 quum
784 694 866 754 sis
895 694 1159 754 conviva
1185 694 1336 753 mihi
1362 694 1698 774 promissus
1723 695 1981 757 habebis

370 788 752 865 Evandrum,
781 791 995 852 venies
1022 790 1390 871 Tirynthius
1418 800 1527 851 aut
1553 790 1755 853 minor
1780 791 1889 853 illo

370 886 618 969 Hospes
645 898 709 949 et
737 889 869 970 ipse
897 898 1106 951 tamen
1135 889 1503 968 contingens
1532 889 1833 971 sanguine
1861 889 2117 966 caelum,

369 984 555 1047 Alter
581 985 771 1067 aquis,
801 987 957 1047 altcr
982 985 1244 1046 fiammis
1274 985 1354 1045 ad
1384 985 1588 1047 sidera
1612 987 1852 1048 missus·

370 1081 634 1145 Fercula
659 1104 825 1145 nunc
851 1084 997 1144 audi
1024 1082 1211 1143 nullis
1239 1093 1459 1144 ornata
1485 1084 1778 1146 macellis.

369 1178 470 1240 De
498 1178 831 1241 Tiburtino
858 1181 1071 1241 veniet
1098 1179 1538 1260 pinguissimus
1565 1200 1715 1263 agro

372 1275 698 1338 Haedulus
724 1287 790 1338 et
816 1286 955 1339 toto
980 1297 1169 1358 grege
1198 1278 1458 1353 mollior,
1486 1278 1714 1340 inscius
1740 1279 1985 1354 herbae,

371 1373 663 1434 Necdum
691 1393 874 1435 ausus
901 1374 1108 1454 virgas
1135 1374 1388 1436 humilis
1416 1377 1698 1437 mordere
1727 1376 1946 1451 salicti,

373 1470 501 1544 Qui
527 1471 667 1551 plus
695 1472 874 1532 lactis
902 1472 1091 1533 habet
1119 1493 1305 1553 quam
1333 1474 1686 1554 sanguinis3
1728 1483 1795 1535 et
1820 1473 2103 1535 montani

372 1568 700 1649 Asparagi,
729 1569 933 1649 posito
963 1589 1118 1650 quos
1144 1571 1300 1652 legit
1327 1570 1536 1632 villica
1560 1572 1715 1633 fuso.

372 1664 647 1726 Grandia
672 1675 997 1746 praeterea
1023 1676 1317 1748 tortoque
1345 1668 1613 1729 calentia
1639 1669 1824 1730 foeno

373 1762 516 1825 Ova
542 1763 771 1825 adsunt
798 1763 946 1845 ipsis
974 1784 1117 1825 cum
1143 1766 1448 1828 matribus
1475 1775 1541 1827 et
1568 1776 1851 1827 servatae

373 1859 563 1922 Parte
593 1862 739 1922 anni
769 1862 984 1943 quales
1009 1862 1254 1924 fuerant
1280 1864 1341 1923 in
1373 1863 1607 1925 vitibus
1636 1882 1832 1925 uvae:

375 1958 703 2040 Signinum
735 1959 1109 2041 Syriumque
1136 1961 1357 2041 pirum,
1389 1960 1470 2022 do
1498 1960 1785 2023 corbibus
1810 1961 2012 2023 isdem

370 2057 642 2119 Aemula
668 2057 916 2120 Picenis
944 2067 1009 2119 et
1037 2058 1245 2120 odoris
1271 2059 1437 2119 mala
1462 2058 1745 2133 recentis,

371 2154 438 2217 N
440 2177 510 2218 ec
538 2157 875 2219 metuenda
901 2155 1034 2230 tibi,
1064 2156 1361 2218 siccatum
1388 2157 1616 2238 frigore
1641 2165 1973 2238 postquam

373 2254 767 2315 Autumnum
796 2265 860 2317 et
888 2253 1065 2316 crudi
1092 2273 1352 2334 posuere
1380 2254 1654 2334 pericula
1680 2254 1863 2316 succi.

453 2351 629 2413 Haec
657 2352 806 2413 olim
832 2351 1029 2415 nostri
1047 2351 1182 2432 jam
1210 2351 1526 2412 luxuriosa
1556 2351 1825 2413 Senatus

375 2448 587 2510 Coena
611 2448 747 2510 fuit.
829 2450 1052 2512 Curius
1077 2469 1271 2531 parvo
1300 2467 1458 2529 quae
1484 2449 1721 2528 legerat
1747 2449 1931 2509 horto

372 2544 516 2625 Ipse
544 2546 695 2609 focis
721 2547 1013 2608 brevibus
1040 2547 1316 2628 ponebat
1344 2546 1639 2620 oluscula,
1668 2565 1825 2626 quae
1855 2564 2020 2606 nunc

375 2642 707 2724 Squalidus
735 2644 798 2705 in
825 2663 1053 2724 magna
1076 2644 1318 2706 fastidit
1346 2644 1647 2724 compede
1675 2643 1891 2717 fossor,

373 2739 500 2813 Qui
528 2741 811 2802 meminit
837 2741 1072 2803 calidae
1101 2742 1300 2822 sapiat
1329 2741 1481 2822 quid
1510 2740 1699 2802 vulva
1723 2740 2007 2821 popinae.

376 2837 538 2899 Sicci
566 2846 743 2919 terga
769 2839 911 2914 suis,
937 2857 1076 2898 rara
1109 2839 1450 2918 pendentia
1478 2847 1667 2914 crate,

372 2932 570 2995 Moris
599 2943 732 2995 erat
760 2935 1075 3015 quondam
1103 2935 1275 2997 festis
1303 2955 1548 2998 servare
1578 2936 1799 2997 diebus

373 3029 460 3092 Et
487 3031 845 3093 natalicium
873 3033 1155 3114 cognatis
1183 3053 1415 3113 ponere
1444 3034 1706 3108 lardum,

373 3128 735 3190 Accedente
763 3148 944 3204 nova,
972 3129 1024 3191 si
1052 3150 1239 3211 quam
1267 3131 1458 3193 dabat
1486 3131 1706 3207 hostia,
1736 3150 1937 3192 carne.

377 3226 800 3305 Cognatorum
830 3226 1048 3307 aliquis
1074 3228 1259 3289 titulo
1286 3238 1387 3289 ter
1415 3228 1701 3290 Consulis
1728 3238 1915 3309 atquo

379 3323 737 3384 Castrorum
763 3323 1035 3403 imperiis
1062 3334 1127 3386 et
1152 3323 1494 3387 Dictatoris
1521 3326 1754 3387 honore

376 3420 660 3482 Functus
687 3420 769 3482 ad
794 3421 907 3482 has
935 3421 1147 3502 epulas
1173 3422 1359 3484 solito
1386 3422 1688 3484 maturius
1714 3422 1864 3498 ibat,

2325 1683 2388 1730 ‘1⁰

2322 2171 2386 2218 '15

2320 3141 2386 3188 85
2499 3157 2504 3162 ·
