2734 4017
1159 252 1434 302 SA'rmA
1476 256 1586 303 111.
2335 245 2375 309 9

443 417 622 491 Quae
649 439 816 481 nunc
843 418 1140 481 divitibus
1169 441 1323 500 gens
1347 422 1778 503 ’acceptissima
1804 425 2031 486 nestris

360 514 448 576 Et
475 536 633 595 qnos
657 516 985 598 praecipue
1010 517 1243 598 fugiam
1271 519 1614 598 properabo
1642 520 1839 595 fateri,
2353 599 2357 608 q

361 613 500 674 Nec
524 613 727 693 pudor
752 614 1042 676 obstabit.
1121 614 1187 674 N
1190 635 1270 675 on
1298 635 1553 695 possum
1577 617 1752 693 ferre,
1783 617 2076 696 Quirites,
2312 638 2376 686 60

362 710 662 771 Graecam
689 710 941 770 urbem:
984 711 1264 791 quamvis
1293 722 1487 792 quota.
1512 715 1718 795 portio
1745 716 1933 778 faecis
1960 717 2250 779 Achaei?

356 808 402 870 J
404 826 504 867 am
530 807 769 887 pridem
801 806 994 886 Syrus
1020 808 1086 868 in
1116 807 1396 870 Tiberim
1425 810 1686 873 defluxit
1714 813 1985 876 Orontes

359 904 447 963 Et
474 903 748 983 linguam
777 913 844 965 et
869 924 1072 965 mores
1102 914 1168 965 et
1197 925 1340 966 cum
1371 908 1623 970 tibicine
1652 912 1914 973 chordas

361 1000 677 1080 Obliquas,
705 1021 820 1063 nec
848 1022 973 1063 non
1001 1002 1262 1082 gentilia
1287 1013 1588 1087 tympana
1616 1028 1825 1069 secum

300 1097 556 1215 (Vexit
584 1109 650 1159 et
676 1098 757 1158 ad
787 1098 1034 1160 Circum
1065 1099 1271 1179 jussas
1297 1114 1573 1183 prostare
1600 1107 1854 1185 puellas.
2308 1123 2372 1170 65

300 1175 459 1255 Ite
486 1194 775 1277 quibus„
737 1206 913 1256 orata
940 1206 1037 1259 est
1063 1198 1233 1278 picta
1258 1202 1405 1281 lupa
1430 1202 1689 1262 barbara
1714 1204 1937 1264 mitra!

359 1292 673 1355 Rusticus
682 1294 786 1355 ille
816 1303 960 1356 tuus
988 1298 1178 1360 sumit
1206 1301 1625 1380 trechedipna,
1656 1300 1931 1378 Quirine,

358 1390 446 1451 Et
473 1392 844 1454 ceromatico
870 1394 993 1455 fert
1020 1395 1316 1457 niceteria
1343 1398 1522 1458 collo.

361 1489 482 1550 Hic
510 1490 636 1551 alta
666 1490 949 1571 Sicyone,
978 1503 1074 1554 ast
1101 1494 1203 1554 hic
1228 1494 1565 1575 Amydone
1593 1494 1825 1570 relicta,

359 1585 483 1647 Hic
508 1586 748 1663 Andre,
776 1588 881 1650 ille
910 1590 1114 1664 Samo,
1141 1591 1257 1651 hic·
1270 1591 1581 1678 Trallibus
1606 1601 1714 1654 aut
1742 1593 2105 1670 Alabandis,
2308 1610 2370 1658 70

358 1685 664 1767 Esquilias
694 1687 1051 1768 dictumque
1078 1697 1304 1768 petunt
1331 1708 1370 1748 a
1395 1688 1625 1749 vimine
1655 1690 1894 1764 collem,

358 1784 616 1846 Viscera
642 1804 1007 1865 magnarum
1036 1786 1330 1845 domuum
1360 1786 1716 1866 dominique
1742 1788 1952 1849 futuri.

355 1882 684 1963 Ingenium
713 1884 914 1956 velox,
943 1883 1198 1943 audacia
1224 1882 1485 1963 perdita,
1514 1887 1740 1944 sermo'

355 1980 691 2062 Promptus
718 1989 784 2042 et
812 1979 991 2040 Isaeo
1018 1981 1365 2041 torrentior.
1446 1978 1585 2040 Ede
1615 1979 1762 2060 quid
1794 1982 1971 2042 illum

354 2076 508 2138 Esse
535 2088 718 2159 putes
733 2079 763 2138 ⁴?
805 2096 991 2158 quem
1018 2076 1114 2137 vis
1141 2076 1458 2137 hominem
1484 2095 1692 2138 secum
1720 2079 1934 2140 attulit
1962 2079 2040 2140 ad
2069 2099 2216 2142 nos:
2301 2095 2365 2144 75

356 2175 825 2250 Grammaticus,
853 2175 1079 2248 rhetor,
1107 2183 1474 2255 geometres,
1504 2174 1721 2253 pictor,
1751 2176 1993 2255 aliptes,

352 2270 592 2353 Augur,
621 2274 1082 2347 schoenobates,
1108 2271 1401 2341 medicuS,
1429 2290 1684 2351 magus:
1727 2273 1936 2333 omnia
1961 2273 2155 2334 novit.

350 2370 691 2432 Graeculus
719 2371 988 2432 esuriens
1014 2372 1080 2431 in
1110 2370 1236 2430 cael
1245 2389 1350 2429 um
1380 2369 1636 2449 jusseris
1663 2369 1796 2430 ibit.

351 2468 461 2529 Ad
488 2488 809 2542 summam,
838 2488 961 2529 non
990 2467 1247 2528 Maurus
1275 2475 1408 2526 erat
1435 2485 1635 2546 neque
1666 2467 1949 2528 Sarmata
1974 2488 2090 2530 nec
2118 2468 2329 2529 Thrax

354 2563 480 2636 Qui
506 2564 767 2644 sumpsit
793 2585 1045 2645 pennas,
1073 2564 1292 2625 mediis
1321 2564 1430 2623 sed
1461 2572 1643 2622 natus
1670 2563 1955 2625 Athenis.
2053 2632 2059 2638 ,
2218 2574 2222 2578 ’
2302 2581 2365 2628 8ο

352 2661 597 2722 Horum
624 2681 742 2741 ego
769 2681 895 2722 non
922 2662 1156 2741 fugiam
1187 2660 1515 2741 conchylia
1532 2661 1563 2719 ?
1601 2680 1702 2720 me
1729 2660 1897 2740 prior
1922 2661 2028 2722 ille

354 2758 639 2839 Signabit
659 2760 688 2818 *Ρ
728 2758 1042 2838 fultusque
1070 2767 1210 2818 toro
1240 2758 1493 2818 meliore
1522 2757 1842 2818 recumbet

350 2855 677 2916 Advectus
705 2854 969 2915 Romam
999 2874 1123 2934 quo
1149 2873 1348 2934 pruna
1376 2863 1441 2916 et
1469 2864 1723 2916 cottona
1748 2863 1939 2916 vento
1956 2855 1989 2916 ⁶?

350 2952 569 3033 Usque
599 2953 755 3013 adeo
783 2952 938 3012 nihil
966 2961 1077 3025 est,
1109 2951 1276 3031 quod
1303 2962 1517 3012 nostra
1543 2951 1805 3013 infantia
1832 2953 2069 3013 caelum

352 3049 578 3110 Hausit
605 3048 928 3122 Aventini,
957 3048 1144 3108 bacca
1170 3049 1407 3108 nutrita
1437 3048 1664 3108 Sabina
1683 3050 1712 3109 Ρ
2303 3065 2366 3111 85

350 3147 536 3221 Quid,
567 3146 736 3227 quod
764 3145 1058 3205 adulandi
1084 3164 1236 3223 gens
1262 3146 1747 3224 prudentissima
1774 3145 1990 3206 laudat

352 3245 711 3304 Sermonem
739 3242 993 3316 indocti,
1025 3241 1241 3301 faciem
1272 3241 1564 3301 deformis
1595 3243 1791 3316 amici,

349 3341 436 3403 Et
464 3343 720 3422 longum
747 3339 1006 3400 invalidi
1035 3339 1262 3399 collum
1289 3338 1628 3399 cervicibus
1658 3349 1881 3418 aequat

350 3438 655 3512 Herculis,
681 3436 999 3500 Antaeum
1029 3435 1243 3514 procul
1270 3454 1308 3495 a
1333 3434 1555 3499 tellure
1583 3436 1873 3509 tenentis,
