<?xml version="1.0" encoding="UTF-8"?>
<!DOCTYPE html PUBLIC "-//W3C//DTD XHTML 1.0 Transitional//EN"
    "http://www.w3.org/TR/xhtml1/DTD/xhtml1-transitional.dtd">
<html xmlns="http://www.w3.org/1999/xhtml" xml:lang="en" lang="en">
 <head>
  <title>
</title>
<meta http-equiv="Content-Type" content="text/html;charset=utf-8" />
  <meta name='ocr-system' content='tesseract 3.04.00' />
  <meta name='ocr-capabilities' content='ocr_page ocr_carea ocr_par ocr_line ocrx_word'/>
</head>
<body>
  <div class='ocr_page' id='page_1' title='image "./thirteensatires00unkngoog_0062.png"; bbox 0 0 2734 4017; ppageno 0'>
   <div class='ocr_carea' id='block_1_1' title="bbox 387 217 1795 282">
    <p class='ocr_par' dir='ltr' id='par_1_1' title="bbox 387 217 1795 282">
     <span class='ocr_line' id='line_1_1' title="bbox 387 217 1795 282; baseline 0.004 -9"><span class='ocrx_word' id='word_1_1' title='bbox 387 217 473 282; x_wconf 83' lang='lat'>46</span> <span class='ocrx_word' id='word_1_2' title='bbox 1010 229 1081 276; x_wconf 86' lang='lat' dir='ltr'>D.</span> <span class='ocrx_word' id='word_1_3' title='bbox 1129 228 1336 278; x_wconf 77' lang='lat' dir='ltr'>JUNII</span> <span class='ocrx_word' id='word_1_4' title='bbox 1380 229 1795 278; x_wconf 74' lang='lat' dir='ltr'><strong>JUVENALIS</strong></span> 
     </span>
    </p>
   </div>
   <div class='ocr_carea' id='block_1_2' title="bbox 1158 986 1630 1050">
    <p class='ocr_par' dir='ltr' id='par_1_2' title="bbox 1158 986 1630 1050">
     <span class='ocr_line' id='line_1_2' title="bbox 1158 986 1630 1050; baseline -0.002 0"><span class='ocrx_word' id='word_1_5' title='bbox 1158 987 1487 1050; x_wconf 88' lang='lat' dir='ltr'>SATIRA</span> <span class='ocrx_word' id='word_1_6' title='bbox 1547 986 1630 1049; x_wconf 89' lang='lat' dir='ltr'>X.</span> 
     </span>
    </p>
   </div>
   <div class='ocr_carea' id='block_1_3' title="bbox 393 1180 2188 3281">
    <p class='ocr_par' dir='ltr' id='par_1_3' title="bbox 393 1180 2188 1546">
     <span class='ocr_line' id='line_1_3' title="bbox 394 1180 2163 1324; baseline 0 -81"><span class='ocrx_word' id='word_1_7' title='bbox 394 1180 896 1324; x_wconf 80' lang='lat' dir='ltr'>OMNIBUS</span> <span class='ocrx_word' id='word_1_8' title='bbox 934 1184 1000 1244; x_wconf 91' lang='lat' dir='ltr'>in</span> <span class='ocrx_word' id='word_1_9' title='bbox 1028 1183 1207 1243; x_wconf 89' lang='lat' dir='ltr'>terris</span> <span class='ocrx_word' id='word_1_10' title='bbox 1235 1202 1394 1264; x_wconf 87' lang='lat' dir='ltr'>quae</span> <span class='ocrx_word' id='word_1_11' title='bbox 1423 1192 1570 1243; x_wconf 88' lang='lat' dir='ltr'>sunt</span> <span class='ocrx_word' id='word_1_12' title='bbox 1597 1201 1635 1242; x_wconf 90' lang='lat' dir='ltr'>a</span> <span class='ocrx_word' id='word_1_13' title='bbox 1661 1181 1941 1243; x_wconf 82' lang='lat' dir='ltr'><strong>Gadibus</strong></span> <span class='ocrx_word' id='word_1_14' title='bbox 1968 1202 2163 1263; x_wconf 84' lang='lat' dir='ltr'>usque</span> 
     </span>
     <span class='ocr_line' id='line_1_4' title="bbox 589 1278 2188 1360; baseline 0.001 -21"><span class='ocrx_word' id='word_1_15' title='bbox 589 1281 895 1339; x_wconf 87' lang='lat' dir='ltr'>Auroram</span> <span class='ocrx_word' id='word_1_16' title='bbox 924 1290 989 1340; x_wconf 88' lang='lat' dir='ltr'>et</span> <span class='ocrx_word' id='word_1_17' title='bbox 1015 1281 1296 1360; x_wconf 84' lang='lat' dir='ltr'>Gangen,</span> <span class='ocrx_word' id='word_1_18' title='bbox 1325 1278 1507 1359; x_wconf 90' lang='lat' dir='ltr'>pauci</span> <span class='ocrx_word' id='word_1_19' title='bbox 1536 1278 1900 1359; x_wconf 75' lang='lat' dir='ltr'>dignoscere</span> <span class='ocrx_word' id='word_1_20' title='bbox 1928 1286 2188 1359; x_wconf 77' lang='lat' dir='ltr'>possunt</span> 
     </span>
     <span class='ocr_line' id='line_1_5' title="bbox 395 1375 1975 1457; baseline 0.001 -21"><span class='ocrx_word' id='word_1_21' title='bbox 395 1375 565 1436; x_wconf 88' lang='lat' dir='ltr'>Vera</span> <span class='ocrx_word' id='word_1_22' title='bbox 589 1376 756 1436; x_wconf 95' lang='lat' dir='ltr'>bona</span> <span class='ocrx_word' id='word_1_23' title='bbox 784 1387 969 1457; x_wconf 85' lang='lat' dir='ltr'>atque</span> <span class='ocrx_word' id='word_1_24' title='bbox 997 1376 1119 1437; x_wconf 88' lang='lat' dir='ltr'>illis</span> <span class='ocrx_word' id='word_1_25' title='bbox 1145 1378 1415 1438; x_wconf 86' lang='lat' dir='ltr'>multum</span> <span class='ocrx_word' id='word_1_26' title='bbox 1443 1376 1707 1450; x_wconf 86' lang='lat' dir='ltr'>diversa,</span> <span class='ocrx_word' id='word_1_27' title='bbox 1734 1384 1975 1437; x_wconf 85' lang='lat' dir='ltr'>remota</span> 
     </span>
     <span class='ocr_line' id='line_1_6' title="bbox 393 1472 1950 1546; baseline 0.001 -13"><span class='ocrx_word' id='word_1_28' title='bbox 393 1472 638 1533; x_wconf 88' lang='lat' dir='ltr'>Erroris</span> <span class='ocrx_word' id='word_1_29' title='bbox 667 1473 907 1534; x_wconf 89' lang='lat' dir='ltr'>nebula.</span> <span class='ocrx_word' id='word_1_30' title='bbox 990 1473 1162 1546; x_wconf 80' lang='lat' dir='ltr'>Quid</span> <span class='ocrx_word' id='word_1_31' title='bbox 1191 1474 1358 1534; x_wconf 90' lang='lat' dir='ltr'>enim</span> <span class='ocrx_word' id='word_1_32' title='bbox 1386 1473 1628 1533; x_wconf 88' lang='lat' dir='ltr'>ratione</span> <span class='ocrx_word' id='word_1_33' title='bbox 1657 1473 1950 1534; x_wconf 91' lang='lat' dir='ltr'>timemus</span> 
     </span>
    </p>

    <p class='ocr_par' dir='ltr' id='par_1_4' title="bbox 394 1568 2169 1748">
     <span class='ocr_line' id='line_1_7' title="bbox 394 1568 2169 1651; baseline 0 -21"><span class='ocrx_word' id='word_1_34' title='bbox 394 1570 532 1630; x_wconf 92' lang='lat' dir='ltr'>Aut</span> <span class='ocrx_word' id='word_1_35' title='bbox 559 1568 882 1649; x_wconf 81' lang='lat' dir='ltr'>cupimus?</span> <span class='ocrx_word' id='word_1_36' title='bbox 923 1569 1073 1650; x_wconf 87' lang='lat' dir='ltr'>quid</span> <span class='ocrx_word' id='word_1_37' title='bbox 1103 1580 1233 1631; x_wconf 88' lang='lat' dir='ltr'>tam</span> <span class='ocrx_word' id='word_1_38' title='bbox 1260 1571 1483 1631; x_wconf 86' lang='lat' dir='ltr'>dextro</span> <span class='ocrx_word' id='word_1_39' title='bbox 1516 1570 1676 1650; x_wconf 92' lang='lat' dir='ltr'>pede</span> <span class='ocrx_word' id='word_1_40' title='bbox 1707 1569 1979 1651; x_wconf 80' lang='lat' dir='ltr'>concipis</span> <span class='ocrx_word' id='word_1_41' title='bbox 2006 1579 2079 1630; x_wconf 92' lang='lat' dir='ltr'>ut</span> <span class='ocrx_word' id='word_1_42' title='bbox 2105 1578 2169 1630; x_wconf 91' lang='lat' dir='ltr'>te</span> 
     </span>
     <span class='ocr_line' id='line_1_8' title="bbox 397 1667 1763 1748; baseline -0.001 -19"><span class='ocrx_word' id='word_1_43' title='bbox 397 1668 673 1729; x_wconf 86' lang='lat' dir='ltr'>Conatus</span> <span class='ocrx_word' id='word_1_44' title='bbox 700 1687 823 1727; x_wconf 92' lang='lat' dir='ltr'>non</span> <span class='ocrx_word' id='word_1_45' title='bbox 851 1667 1169 1747; x_wconf 83' lang='lat' dir='ltr'>poeniteat</span> <span class='ocrx_word' id='word_1_46' title='bbox 1197 1668 1451 1748; x_wconf 89' lang='lat' dir='ltr'>votique</span> <span class='ocrx_word' id='word_1_47' title='bbox 1482 1668 1763 1748; x_wconf 82' lang='lat' dir='ltr'>peracti?</span> 
     </span>
    </p>

    <p class='ocr_par' dir='ltr' id='par_1_5' title="bbox 396 1764 1709 1845">
     <span class='ocr_line' id='line_1_9' title="bbox 396 1764 1709 1845; baseline 0 -20"><span class='ocrx_word' id='word_1_48' title='bbox 396 1765 697 1826; x_wconf 86' lang='lat' dir='ltr'>Evertere</span> <span class='ocrx_word' id='word_1_49' title='bbox 726 1764 943 1825; x_wconf 90' lang='lat' dir='ltr'>domos</span> <span class='ocrx_word' id='word_1_50' title='bbox 971 1775 1136 1826; x_wconf 87' lang='lat' dir='ltr'>totas</span> <span class='ocrx_word' id='word_1_51' title='bbox 1165 1765 1529 1845; x_wconf 87' lang='lat' dir='ltr'>optantibus</span> <span class='ocrx_word' id='word_1_52' title='bbox 1561 1764 1709 1845; x_wconf 90' lang='lat' dir='ltr'>ipsis</span> 
     </span>
    </p>

    <p class='ocr_par' dir='ltr' id='par_1_6' title="bbox 395 1861 1924 2039">
     <span class='ocr_line' id='line_1_10' title="bbox 395 1861 1924 1943; baseline 0 -19"><span class='ocrx_word' id='word_1_53' title='bbox 395 1863 483 1924; x_wconf 93' lang='lat' dir='ltr'>Di</span> <span class='ocrx_word' id='word_1_54' title='bbox 508 1862 759 1936; x_wconf 81' lang='lat' dir='ltr'>faciles3</span> <span class='ocrx_word' id='word_1_55' title='bbox 799 1861 1079 1922; x_wconf 87' lang='lat' dir='ltr'>nocitura</span> <span class='ocrx_word' id='word_1_56' title='bbox 1111 1872 1279 1943; x_wconf 85' lang='lat' dir='ltr'>toga,</span> <span class='ocrx_word' id='word_1_57' title='bbox 1310 1863 1593 1924; x_wconf 88' lang='lat' dir='ltr'>nocitura</span> <span class='ocrx_word' id='word_1_58' title='bbox 1622 1871 1924 1943; x_wconf 85' lang='lat' dir='ltr'>petuntur</span> 
     </span>
     <span class='ocr_line' id='line_1_11' title="bbox 397 1959 1666 2039; baseline 0.001 -19"><span class='ocrx_word' id='word_1_59' title='bbox 397 1959 660 2034; x_wconf 81' lang='lat' dir='ltr'>Militia3</span> <span class='ocrx_word' id='word_1_60' title='bbox 698 1969 939 2019; x_wconf 87' lang='lat' dir='ltr'>torrens</span> <span class='ocrx_word' id='word_1_61' title='bbox 968 1959 1214 2019; x_wconf 89' lang='lat' dir='ltr'>dicendi</span> <span class='ocrx_word' id='word_1_62' title='bbox 1243 1960 1422 2039; x_wconf 88' lang='lat' dir='ltr'>copia</span> <span class='ocrx_word' id='word_1_63' title='bbox 1451 1961 1666 2021; x_wconf 84' lang='lat' dir='ltr'>multis</span> 
     </span>
    </p>

    <p class='ocr_par' dir='ltr' id='par_1_7' title="bbox 398 2055 1849 2131">
     <span class='ocr_line' id='line_1_12' title="bbox 398 2055 1849 2131; baseline 0.001 -15"><span class='ocrx_word' id='word_1_64' title='bbox 398 2055 486 2117; x_wconf 87' lang='lat' dir='ltr'>Et</span> <span class='ocrx_word' id='word_1_65' title='bbox 512 2075 625 2118; x_wconf 90' lang='lat' dir='ltr'>sua</span> <span class='ocrx_word' id='word_1_66' title='bbox 649 2055 965 2116; x_wconf 86' lang='lat' dir='ltr'>mortifera</span> <span class='ocrx_word' id='word_1_67' title='bbox 992 2065 1085 2115; x_wconf 88' lang='lat' dir='ltr'>est</span> <span class='ocrx_word' id='word_1_68' title='bbox 1114 2056 1437 2131; x_wconf 83' lang='lat' dir='ltr'>facundia3</span> <span class='ocrx_word' id='word_1_69' title='bbox 1481 2058 1716 2118; x_wconf 88' lang='lat' dir='ltr'>viribus</span> <span class='ocrx_word' id='word_1_70' title='bbox 1745 2057 1849 2118; x_wconf 89' lang='lat' dir='ltr'>illc</span> 
     </span>
    </p>

    <p class='ocr_par' dir='ltr' id='par_1_8' title="bbox 401 2151 1738 2233">
     <span class='ocr_line' id='line_1_13' title="bbox 401 2151 1738 2233; baseline 0.001 -19"><span class='ocrx_word' id='word_1_71' title='bbox 401 2154 686 2215; x_wconf 85' lang='lat' dir='ltr'>Confisus</span> <span class='ocrx_word' id='word_1_72' title='bbox 712 2151 896 2233; x_wconf 88' lang='lat' dir='ltr'>periit</span> <span class='ocrx_word' id='word_1_73' title='bbox 925 2151 1441 2233; x_wconf 85' lang='lat' dir='ltr'>admirandusque</span> <span class='ocrx_word' id='word_1_74' title='bbox 1475 2154 1738 2215; x_wconf 88' lang='lat' dir='ltr'>lacertis.</span> 
     </span>
    </p>

    <p class='ocr_par' dir='ltr' id='par_1_9' title="bbox 399 2248 2177 3010">
     <span class='ocr_line' id='line_1_14' title="bbox 403 2248 1772 2331; baseline 0.001 -21"><span class='ocrx_word' id='word_1_75' title='bbox 403 2250 527 2311; x_wconf 90' lang='lat' dir='ltr'>Sed</span> <span class='ocrx_word' id='word_1_76' title='bbox 555 2250 761 2331; x_wconf 89' lang='lat' dir='ltr'>plures</span> <span class='ocrx_word' id='word_1_77' title='bbox 789 2248 977 2308; x_wconf 90' lang='lat' dir='ltr'>nimia</span> <span class='ocrx_word' id='word_1_78' title='bbox 1005 2260 1298 2328; x_wconf 83' lang='lat' dir='ltr'>congesta</span> <span class='ocrx_word' id='word_1_79' title='bbox 1331 2251 1596 2329; x_wconf 88' lang='lat' dir='ltr'>pecunia</span> <span class='ocrx_word' id='word_1_80' title='bbox 1625 2272 1772 2312; x_wconf 86' lang='lat' dir='ltr'>cura</span> 
     </span>
     <span class='ocr_line' id='line_1_15' title="bbox 403 2347 2177 2429; baseline 0 -22"><span class='ocrx_word' id='word_1_81' title='bbox 403 2347 782 2427; x_wconf 78' lang='lat' dir='ltr'>strangulat,</span> <span class='ocrx_word' id='word_1_82' title='bbox 810 2354 876 2406; x_wconf 92' lang='lat' dir='ltr'>et</span> <span class='ocrx_word' id='word_1_83' title='bbox 902 2356 1126 2406; x_wconf 87' lang='lat' dir='ltr'>cuncta</span> <span class='ocrx_word' id='word_1_84' title='bbox 1155 2365 1527 2426; x_wconf 82' lang='lat' dir='ltr'>exsuperans</span> <span class='ocrx_word' id='word_1_85' title='bbox 1560 2348 1933 2429; x_wconf 88' lang='lat' dir='ltr'>patrimonia</span> <span class='ocrx_word' id='word_1_86' title='bbox 1959 2366 2177 2409; x_wconf 88' lang='lat' dir='ltr'>census</span> 
     </span>
     <span class='ocr_line' id='line_1_16' title="bbox 401 2442 1907 2525; baseline 0.002 -22"><span class='ocrx_word' id='word_1_87' title='bbox 401 2443 654 2515; x_wconf 81' lang='lat' dir='ltr'>Quanto</span> <span class='ocrx_word' id='word_1_88' title='bbox 682 2442 986 2523; x_wconf 89' lang='lat' dir='ltr'>delphinis</span> <span class='ocrx_word' id='word_1_89' title='bbox 1015 2443 1273 2504; x_wconf 86' lang='lat' dir='ltr'>balaena</span> <span class='ocrx_word' id='word_1_90' title='bbox 1308 2444 1670 2507; x_wconf 87' lang='lat' dir='ltr'>Britannica</span> <span class='ocrx_word' id='word_1_91' title='bbox 1695 2446 1907 2525; x_wconf 87' lang='lat' dir='ltr'>major.</span> 
     </span>
     <span class='ocr_line' id='line_1_17' title="bbox 400 2539 1827 2622; baseline 0.001 -22"><span class='ocrx_word' id='word_1_92' title='bbox 400 2540 807 2621; x_wconf 87' lang='lat' dir='ltr'>Temporibus</span> <span class='ocrx_word' id='word_1_93' title='bbox 835 2539 984 2600; x_wconf 86' lang='lat' dir='ltr'>diris</span> <span class='ocrx_word' id='word_1_94' title='bbox 1011 2539 1204 2619; x_wconf 87' lang='lat' dir='ltr'>igitur</span> <span class='ocrx_word' id='word_1_95' title='bbox 1227 2542 1527 2622; x_wconf 87' lang='lat' dir='ltr'>jussuque</span> <span class='ocrx_word' id='word_1_96' title='bbox 1556 2542 1827 2603; x_wconf 87' lang='lat' dir='ltr'>Neronis</span> 
     </span>
     <span class='ocr_line' id='line_1_18' title="bbox 401 2636 2073 2719; baseline 0.001 -22"><span class='ocrx_word' id='word_1_97' title='bbox 401 2636 749 2718; x_wconf 89' lang='lat' dir='ltr'>Longinum</span> <span class='ocrx_word' id='word_1_98' title='bbox 779 2647 842 2698; x_wconf 87' lang='lat' dir='ltr'>et</span> <span class='ocrx_word' id='word_1_99' title='bbox 871 2656 1132 2717; x_wconf 87' lang='lat' dir='ltr'>magnos</span> <span class='ocrx_word' id='word_1_100' title='bbox 1169 2638 1442 2701; x_wconf 85' lang='lat' dir='ltr'>Senecae</span> <span class='ocrx_word' id='word_1_101' title='bbox 1473 2638 1836 2719; x_wconf 87' lang='lat' dir='ltr'>praedivitis</span> <span class='ocrx_word' id='word_1_102' title='bbox 1861 2639 2073 2699; x_wconf 89' lang='lat' dir='ltr'>hortos</span> 
     </span>
     <span class='ocr_line' id='line_1_19' title="bbox 401 2733 2011 2815; baseline -0.001 -19"><span class='ocrx_word' id='word_1_103' title='bbox 401 2735 639 2796; x_wconf 80' lang='lat' dir='ltr'>Clausit</span> <span class='ocrx_word' id='word_1_104' title='bbox 668 2742 732 2794; x_wconf 93' lang='lat' dir='ltr'>et</span> <span class='ocrx_word' id='word_1_105' title='bbox 760 2734 1037 2815; x_wconf 86' lang='lat' dir='ltr'>egregias</span> <span class='ocrx_word' id='word_1_106' title='bbox 1075 2733 1523 2797; x_wconf 83' lang='lat' dir='ltr'>Lateranorum</span> <span class='ocrx_word' id='word_1_107' title='bbox 1552 2736 1799 2797; x_wconf 88' lang='lat' dir='ltr'>obsidet</span> <span class='ocrx_word' id='word_1_108' title='bbox 1826 2735 2011 2796; x_wconf 86' lang='lat' dir='ltr'>aedes</span> 
     </span>
     <span class='ocr_line' id='line_1_20' title="bbox 399 2831 1943 2917; baseline 0 -26"><span class='ocrx_word' id='word_1_109' title='bbox 399 2832 565 2892; x_wconf 83' lang='lat' dir='ltr'>Tota</span> <span class='ocrx_word' id='word_1_110' title='bbox 591 2831 841 2892; x_wconf 82' lang='lat' dir='ltr'>cohors:</span> <span class='ocrx_word' id='word_1_111' title='bbox 886 2852 1058 2892; x_wconf 91' lang='lat' dir='ltr'>rarus</span> <span class='ocrx_word' id='word_1_112' title='bbox 1092 2833 1269 2894; x_wconf 89' lang='lat' dir='ltr'>venit</span> <span class='ocrx_word' id='word_1_113' title='bbox 1296 2834 1360 2894; x_wconf 89' lang='lat' dir='ltr'>in</span> <span class='ocrx_word' id='word_1_114' title='bbox 1392 2833 1724 2917; x_wconf 86' lang='lat' dir='ltr'>coenacula</span> <span class='ocrx_word' id='word_1_115' title='bbox 1749 2831 1943 2893; x_wconf 91' lang='lat' dir='ltr'>miles.</span> 
     </span>
     <span class='ocr_line' id='line_1_21' title="bbox 400 2928 1763 3010; baseline 0.001 -24"><span class='ocrx_word' id='word_1_116' title='bbox 400 2928 610 2989; x_wconf 81' lang='lat' dir='ltr'>Pauca</span> <span class='ocrx_word' id='word_1_117' title='bbox 636 2928 780 2990; x_wconf 91' lang='lat' dir='ltr'>licet</span> <span class='ocrx_word' id='word_1_118' title='bbox 811 2939 1020 3009; x_wconf 88' lang='lat' dir='ltr'>portes</span> <span class='ocrx_word' id='word_1_119' title='bbox 1057 2930 1298 3010; x_wconf 84' lang='lat' dir='ltr'>argenti</span> <span class='ocrx_word' id='word_1_120' title='bbox 1329 2929 1581 2990; x_wconf 88' lang='lat' dir='ltr'>vascula</span> <span class='ocrx_word' id='word_1_121' title='bbox 1607 2928 1763 3008; x_wconf 90' lang='lat' dir='ltr'>puri,</span> 
     </span>
    </p>

    <p class='ocr_par' dir='ltr' id='par_1_10' title="bbox 400 3024 2127 3281">
     <span class='ocr_line' id='line_1_22' title="bbox 401 3024 2081 3107; baseline 0.001 -24"><span class='ocrx_word' id='word_1_122' title='bbox 401 3024 604 3086; x_wconf 86' lang='lat' dir='ltr'>Nocte</span> <span class='ocrx_word' id='word_1_123' title='bbox 632 3026 749 3086; x_wconf 88' lang='lat' dir='ltr'>iter</span> <span class='ocrx_word' id='word_1_124' title='bbox 777 3026 1094 3107; x_wconf 87' lang='lat' dir='ltr'>ingressus</span> <span class='ocrx_word' id='word_1_125' title='bbox 1124 3026 1401 3106; x_wconf 85' lang='lat' dir='ltr'>gladium</span> <span class='ocrx_word' id='word_1_126' title='bbox 1432 3034 1807 3106; x_wconf 88' lang='lat' dir='ltr'>contumque</span> <span class='ocrx_word' id='word_1_127' title='bbox 1837 3024 2081 3085; x_wconf 86' lang='lat' dir='ltr'>timebis</span> 
     </span>
     <span class='ocr_line' id='line_1_23' title="bbox 400 3120 2127 3203; baseline 0 -24"><span class='ocrx_word' id='word_1_128' title='bbox 400 3120 485 3180; x_wconf 92' lang='lat' dir='ltr'>Et</span> <span class='ocrx_word' id='word_1_129' title='bbox 514 3132 717 3184; x_wconf 88' lang='lat' dir='ltr'>motae</span> <span class='ocrx_word' id='word_1_130' title='bbox 749 3123 827 3184; x_wconf 90' lang='lat' dir='ltr'>ad</span> <span class='ocrx_word' id='word_1_131' title='bbox 858 3124 1068 3184; x_wconf 87' lang='lat' dir='ltr'>lunam</span> <span class='ocrx_word' id='word_1_132' title='bbox 1099 3122 1439 3203; x_wconf 84' lang='lat' dir='ltr'>trepidabis</span> <span class='ocrx_word' id='word_1_133' title='bbox 1470 3121 1784 3182; x_wconf 86' lang='lat' dir='ltr'>arundinis</span> <span class='ocrx_word' id='word_1_134' title='bbox 1810 3120 2089 3181; x_wconf 87' lang='lat' dir='ltr'>umbram</span> <span class='ocrx_word' id='word_1_135' title='bbox 2113 3139 2127 3179; x_wconf 75' lang='grc' dir='ltr'><strong><em>ε</em></strong></span> 
     </span>
     <span class='ocr_line' id='line_1_24' title="bbox 402 3218 1707 3281; baseline 0 -4"><span class='ocrx_word' id='word_1_136' title='bbox 402 3218 695 3280; x_wconf 87' lang='lat' dir='ltr'>Cantabit</span> <span class='ocrx_word' id='word_1_137' title='bbox 723 3240 955 3280; x_wconf 88' lang='lat' dir='ltr'>vacuus</span> <span class='ocrx_word' id='word_1_138' title='bbox 985 3239 1192 3281; x_wconf 87' lang='lat' dir='ltr'>coram</span> <span class='ocrx_word' id='word_1_139' title='bbox 1219 3219 1458 3278; x_wconf 91' lang='lat' dir='ltr'>latrone</span> <span class='ocrx_word' id='word_1_140' title='bbox 1489 3218 1707 3278; x_wconf 86' lang='lat' dir='ltr'>viator.</span> 
     </span>
    </p>
   </div>
   <div class='ocr_carea' id='block_1_4' title="bbox 305 3310 1931 3394">
    <p class='ocr_par' dir='ltr' id='par_1_11' title="bbox 305 3310 1931 3394">
     <span class='ocr_line' id='line_1_25' title="bbox 305 3310 1931 3394; baseline -0.001 -19"><span class='ocrx_word' id='word_1_141' title='bbox 305 3310 308 3313; x_wconf 38' lang='lat'><strong>⁴</strong></span> <span class='ocrx_word' id='word_1_142' title='bbox 400 3315 612 3377; x_wconf 89' lang='lat' dir='ltr'>Prima</span> <span class='ocrx_word' id='word_1_143' title='bbox 637 3317 764 3378; x_wconf 86' lang='lat' dir='ltr'>fere</span> <span class='ocrx_word' id='word_1_144' title='bbox 794 3328 943 3378; x_wconf 87' lang='lat' dir='ltr'>vota</span> <span class='ocrx_word' id='word_1_145' title='bbox 969 3326 1033 3377; x_wconf 90' lang='lat' dir='ltr'>et</span> <span class='ocrx_word' id='word_1_146' title='bbox 1062 3316 1301 3377; x_wconf 88' lang='lat' dir='ltr'>cunctis</span> <span class='ocrx_word' id='word_1_147' title='bbox 1327 3315 1652 3375; x_wconf 88' lang='lat' dir='ltr'>notissima</span> <span class='ocrx_word' id='word_1_148' title='bbox 1680 3313 1931 3394; x_wconf 85' lang='lat' dir='ltr'>templis</span> 
     </span>
    </p>
   </div>
   <div class='ocr_carea' id='block_1_5' title="bbox 400 3411 1854 3493">
    <p class='ocr_par' dir='ltr' id='par_1_12' title="bbox 400 3411 1854 3493">
     <span class='ocr_line' id='line_1_26' title="bbox 400 3411 1854 3493; baseline -0.001 -20"><span class='ocrx_word' id='word_1_149' title='bbox 400 3413 694 3490; x_wconf 86' lang='lat' dir='ltr'>Divitiae,</span> <span class='ocrx_word' id='word_1_150' title='bbox 722 3424 999 3476; x_wconf 87' lang='lat' dir='ltr'>crescant</span> <span class='ocrx_word' id='word_1_151' title='bbox 1028 3424 1099 3474; x_wconf 92' lang='lat' dir='ltr'>ut</span> <span class='ocrx_word' id='word_1_152' title='bbox 1127 3432 1292 3493; x_wconf 76' lang='lat' dir='ltr'>opeS,</span> <span class='ocrx_word' id='word_1_153' title='bbox 1321 3421 1393 3471; x_wconf 91' lang='lat' dir='ltr'>ut</span> <span class='ocrx_word' id='word_1_154' title='bbox 1422 3411 1690 3471; x_wconf 86' lang='lat' dir='ltr'>maxima</span> <span class='ocrx_word' id='word_1_155' title='bbox 1716 3420 1854 3471; x_wconf 87' lang='lat' dir='ltr'>toto</span> 
     </span>
    </p>
   </div>
   <div class='ocr_carea' id='block_1_6' title="bbox 2346 2072 2406 2117">
    <p class='ocr_par' dir='ltr' id='par_1_13' title="bbox 2346 2072 2406 2117">
     <span class='ocr_line' id='line_1_27' title="bbox 2346 2072 2406 2117; baseline 0 0"><span class='ocrx_word' id='word_1_156' title='bbox 2346 2072 2406 2117; x_wconf 90' lang='grc'>10</span> 
     </span>
    </p>
   </div>
   <div class='ocr_carea' id='block_1_7' title="bbox 2351 2558 2411 2602">
    <p class='ocr_par' dir='ltr' id='par_1_14' title="bbox 2351 2558 2411 2602">
     <span class='ocr_line' id='line_1_28' title="bbox 2351 2558 2411 2602; baseline 0.017 -1"><span class='ocrx_word' id='word_1_157' title='bbox 2351 2558 2411 2602; x_wconf 80' lang='grc'>15</span> 
     </span>
    </p>
   </div>
   <div class='ocr_carea' id='block_1_8' title="bbox 2350 3040 2412 3084">
    <p class='ocr_par' dir='ltr' id='par_1_15' title="bbox 2350 3040 2412 3084">
     <span class='ocr_line' id='line_1_29' title="bbox 2350 3040 2412 3084; baseline 0.016 -1"><span class='ocrx_word' id='word_1_158' title='bbox 2350 3040 2412 3084; x_wconf 89' lang='grc'>20</span> 
     </span>
    </p>
   </div>
  </div>
 </body>
</html>
