2734 4017
1025 215 1299 265 sA'rIRA
1341 218 1500 267 XIV.
2225 207 2305 272 81

282 382 505 456 Quum
529 383 719 445 facias
744 384 958 465 pejora
982 404 1191 459 senex,
1217 404 1604 466 vacuumque
1632 387 1885 449 cerebro

278 480 321 541 J
325 500 432 542 am
457 481 705 561 pridem
731 492 920 563 caput
945 483 1065 543 hoc
1094 493 1352 543 ventosa
1382 481 1702 543 cucurbita
1729 488 2030 564 quaerat?

365 578 640 659 Hospite
671 590 932 641 venturo
961 579 1223 639 cessabit
1251 600 1435 639 nemo
1463 588 1729 641 tuorum.

282 680 321 712 “
343 674 546 736 Verre
576 675 1023 755 pavimentum,
1052 675 1282 737 nitidas
1310 677 1570 738 ostende
1599 680 1933 758 columnae,
2245 698 2310 746 60

282 770 491 832 Arida
519 792 665 833 cum
691 782 827 833 tota
856 772 1196 834 descendat
1225 791 1448 834 aranea
1475 777 1638 854 tela3

285 868 414 931 Hic
441 870 586 930 leve
614 879 957 951 argentum,
986 888 1135 930 vasa
1162 890 1378 951 aspera
1406 882 1649 955 tergeat
1676 878 1884 954 alter‚”

285 967 437 1030 Vox
466 967 704 1028 domini
730 966 881 1027 furit
906 967 1197 1029 instantis
1225 969 1589 1054 virgamque
1615 978 1904 1038 tenentis.

285 1065 461 1147 Ergo
490 1067 679 1127 miser
705 1068 980 1149 trepidas
1007 1090 1085 1131 ne
1114 1081 1386 1133 stercore
1412 1072 1598 1135 foeda
1623 1075 1843 1135 canino

289 1164 476 1225 Atria
505 1164 873 1246 displiceant
902 1167 1098 1229 oculis
1124 1168 1433 1231 venientis
1461 1170 1658 1245 amici,
2246 1186 2310 1232 65

288 1261 428 1324 Nec
454 1262 704 1342 perfusa
729 1262 865 1324 luto
893 1264 975 1325 sit
1002 1266 1294 1346 porticus,
1326 1268 1421 1346 (et
1447 1276 1656 1329 tamen
1685 1287 1811 1328 uno

292 1359 592 1421 Semodio
620 1360 819 1421 scobis
846 1362 999 1424 haec
1028 1365 1317 1425 emendat
1344 1366 1623 1427 servulus
1650 1368 1858 1446 unus»

288 1456 458 1520 Illud
487 1478 616 1519 non
646 1458 843 1538 agitas
871 1469 941 1520 ut
968 1473 1248 1521 sanctam
1273 1461 1436 1523 filius
1463 1462 1634 1523 omni

290 1556 580 1637 Aspiciat
607 1556 738 1617 sine
767 1556 903 1616 labe
932 1557 1187 1618 domum
1215 1559 1493 1640 vitioque
1521 1570 1852 1623 carentem.

291 1654 558 1715 Gratum
587 1663 683 1714 est
712 1654 881 1734 quod
907 1654 1144 1734 patriae
1173 1655 1373 1716 civem
1399 1658 1754 1738 populoque
1782 1656 2009 1720 dedisti
2249 1672 2312 1718 70

295 1751 361 1813 Si
388 1751 541 1812 facis
571 1760 641 1811 ut
668 1751 905 1831 patriae
934 1751 1017 1812 sit
1044 1751 1321 1826 idoneus,
1349 1753 1518 1815 utilis
1547 1755 1727 1835 agris,

292 1848 491 1911 Utilis
518 1858 584 1909 et
610 1848 916 1909 bellorum
944 1858 1009 1909 et
1035 1849 1204 1929 pacis
1229 1850 1414 1910 rebus
1440 1851 1716 1930 agendis.

294 1943 645 2004 Plurimum
674 1943 839 2005 enim
866 1942 1148 2005 intererit
1178 1945 1402 2025 quibus
1443 1946 1678 2007 artibus
1706 1956 1771 2008 et
1800 1946 2020 2027 quibus
2049 1948 2214 2008 hunc
2240 1955 2310 2006 tu

292 2038 574 2100 Moribus
600 2039 908 2101 instituas.
993 2040 1293 2119 Serpente
1321 2040 1558 2100 ciconia
1584 2043 1786 2121 pullos

294 2137 517 2198 Nutrit
546 2147 612 2198 et
638 2137 894 2198 inventa
919 2156 1031 2218 per
1058 2136 1240 2198 devia
1266 2156 1409 2197 rura
1436 2138 1700 2215 lacerta3
2246 2155 2308 2201 75

294 2235 398 2295 Illi
427 2235 649 2296 eadem
675 2235 938 2317 sumptis
967 2244 1272 2315 quaerunt
1300 2234 1588 2296 animalia
1612 2235 1836 2315 pinnis·

293 2333 531 2395 Vultur
560 2334 851 2414 jumento
879 2340 944 2394 et
972 2331 1226 2393 canibus
1254 2332 1657 2413 crucibusque
1685 2334 1915 2395 relictis

293 2431 403 2490 Ad
431 2431 596 2492 fetus
623 2439 912 2512 properat
940 2439 1306 2512 partemque
1334 2430 1650 2491 cadaveris
1677 2431 1873 2492 affert.

295 2528 420 2589 Ilio
448 2539 544 2590 est
571 2549 719 2610 ergo
748 2529 920 2590 cibus
946 2528 1158 2609 magni
1188 2546 1433 2608 quoque
1461 2528 1725 2589 vulturis
1752 2537 1817 2589 et
1846 2548 1912 2589 se

295 2625 637 2701 pascentis,
662 2627 911 2707 propria
940 2647 1132 2708 quum
1162 2625 1296 2707 jam
1324 2624 1473 2686 facit
1501 2625 1715 2687 arbore
1744 2625 1941 2687 nidos.
2249 2640 2311 2685 80

297 2724 424 2784 Sed
454 2724 726 2804 leporem
755 2734 862 2785 aut
892 2743 1174 2804 capream
1202 2722 1469 2783 famulae
1495 2720 1539 2782 J
1541 2721 1675 2781 ovis
1703 2731 1767 2782 et
1792 2742 2126 2802 generosae

294 2820 370 2883 In
400 2821 565 2883 saltu
593 2832 898 2883 venantur
925 2840 1107 2895 aves3
1147 2820 1292 2882 hinc
1319 2819 1550 2901 praeda
1577 2819 1764 2880 cubili

297 2918 599 2980 Ponitur:
638 2918 785 2980 inde
814 2929 1039 2992 autem,
1068 2938 1258 2999 quum
1288 2937 1352 2979 se
1382 2927 1626 2978 matura
1653 2916 1888 2978 levabit

294 3014 637 3097 Progenies
663 3014 1021 3077 stimulante
1046 3015 1227 3089 farne,
1253 3014 1509 3076 festinat
1537 3015 1618 3075 ad
1644 3014 1814 3074 illam

297 3111 503 3184 Quam
530 3112 798 3193 primum
826 3113 1117 3192 praedam
1144 3121 1329 3191 rupto
1355 3121 1720 3191 gustaverat
1747 3131 1886 3172 ovo,
2248 3126 2308 3170 85

376 3208 761 3269 Aedificator
786 3218 920 3269 erat
948 3208 1292 3282 Cetronius‚
1318 3219 1384 3269 et
1413 3208 1601 3269 modo
1629 3229 1820 3270 curvo

298 3305 510 3367 Litore
540 3305 808 3380 Caietae,
837 3324 1078 3366 summa
1102 3324 1269 3365 nunc
1296 3305 1545 3367 Tiburis
1573 3325 1729 3380 arce,

298 3403 365 3465 N
369 3423 488 3464 unc
514 3401 933 3463 Praenestinis
959 3401 1023 3461 in
1051 3401 1367 3474 montibus
1397 3402 1524 3463 alta
1549 3402 1807 3482 parabat

1287 3518 1318 3565 ὓ
