2734 4017
1150 229 1428 279 SATIRA
1470 231 1544 278 x.
2277 212 2361 279 51

335 398 608 459 Diducit
636 398 923 480 scopulos
949 406 1016 460 et
1040 407 1322 459 montem
1347 399 1582 477 rumpit
1610 407 1805 460 aceto.

334 497 382 559 J
383 516 488 556 am
516 505 693 557 tenet
719 496 1003 570 Italiam3
1045 506 1258 557 tamen
1285 497 1451 556 ultra
1477 515 1733 575 pergere
1761 496 2001 559 tendit:

338 601 378 632 “
396 593 686 669 Actum,”
713 594 934 674 inquit,
965 601 1002 631 ‘⁶
1020 593 1175 654 nihil
1202 604 1315 667 est,
1344 592 1463 653 nisi
1492 593 1708 653 Poeno
1734 594 1934 654 milite
1960 605 2173 676 portas
2266 612 2359 657 155

337 690 718 771 Frangimus
745 701 812 751 et
837 691 1047 751 media
1074 690 1370 751 vexillum
1398 709 1565 769 pono
1595 689 1920 752 Suburra.”

338 787 401 849 Ο
430 787 630 867 qualis
655 788 843 849 facies
871 797 937 848 ct
966 787 1134 868 quali
1162 787 1354 865 digna
1381 787 1631 863 tabella,

340 882 558 955 Quum
586 883 855 945 Gaetula
881 884 1106 945 duc-em
1132 892 1410 964 portaret
1435 884 1645 945 bellua
1671 886 1940 947 luscum!

336 979 570 1043 Exitus
597 1000 747 1061 ergo
776 980 911 1061 quis
940 981 1076 1041 est?
1158 980 1215 1041 O
1243 981 1476 1061 gloria!
1519 982 1793 1044 vincitur
1819 984 1988 1045 idem

336 1077 590 1157 Nempe
618 1086 684 1137 et
710 1077 777 1138 in
805 1077 1088 1138 exsilium
1116 1097 1410 1159 praeceps
1438 1079 1599 1160 fugit
1627 1089 1816 1160 atque
1843 1080 1931 1141 ibi
1959 1072 2221 1161 magnus
2263 1094 2357 1141 160

335 1172 790 1254 Mirandusque
819 1174 1012 1235 cliens
1039 1175 1216 1236 sedet
1247 1177 1329 1236 ad
1357 1178 1670 1257 praetoria
1695 1177 1877 1258 regis,
1959 1189 1966 1194 ”

337 1271 564 1333 Donec
591 1271 870 1351 Bithyno
896 1272 1089 1334 libeat
1118 1273 1375 1354 vigilare
1404 1284 1690 1355 tyranno.

336 1368 565 1430 Finem
591 1368 834 1429 animae
870 1389 1027 1450 quae
1056 1391 1157 1432 res
1183 1373 1486 1433 humanas
1512 1373 1759 1435 miscuit
1786 1372 1937 1433 olim

335 1466 490 1528 Non
515 1466 728 1547 gladii,
756 1487 879 1528 non
909 1488 1060 1529 saxa
1087 1469 1347 1545 dabunt,
1375 1489 1491 1531 nec
1517 1470 1678 1545 tela3
1713 1471 1821 1532 sed
1852 1471 1954 1530 ille

338 1564 698 1626 Cannarum
726 1564 960 1626 vindex
989 1575 1056 1626 et
1084 1567 1247 1627 tanti
1275 1567 1593 1647 sanguinis
1622 1569 1790 1629 ultor
2260 1582 2354 1628 165

337 1661 645 1722 Annulus.
725 1662 779 1737 Ι,
809 1663 1088 1737 demens;
1110 1673 1175 1724 et
1202 1683 1419 1725 saevas
1447 1683 1620 1725 curre
1647 1684 1759 1745 per
1785 1664 1998 1746 Alpe&

336 1758 439 1821 Ut
465 1758 672 1840 pueris
701 1760 947 1840 placeas
975 1770 1042 1821 et
1069 1761 1440 1822 declamatio
1467 1761 1598 1823 fias·

336 1855 526 1918 Unus
552 1856 809 1918 Pellaeo
823 1858 1046 1938 juveni
1072 1877 1199 1919 non
1228 1858 1450 1919 sufficit
1477 1859 1673 1920 orbis:

334 1952 612 2017 Aestuat
640 1954 853 2015 infelix
882 1965 1147 2036 angusto
1164 1955 1371 2016 ‘limite
1398 1956 1636 2031 mundi,

336 2051 439 2115 Ut
466 2052 662 2133 Gyari
690 2052 934 2113 clausus
962 2052 1228 2132 scopulis
1258 2071 1570 2134 parvaque
1602 2054 1897 2135 Seripho:
2256 2069 2352 2116 170

337 2150 555 2224 Quum
582 2160 792 2211 tamen
824 2169 862 2210 a
887 2149 1095 2230 figulis
1120 2150 1426 2210 munitam
1454 2150 1780 2212 intraverit
1809 2154 2044 2227 urbem,

339 2249 740 2329 Sarcophago
771 2255 1102 2308 contentus
1130 2247 1264 2308 erit.
1344 2246 1519 2308 Mors
1546 2248 1676 2309 sola
1702 2249 1933 2309 fatetur

338 2346 660 2420 Quantula
688 2346 815 2407 sint
842 2344 1166 2405 hominum
1193 2346 1571 2423 corpuscula.
1655 2346 1940 2407 Creditur
1967 2347 2116 2408 olim

334 2443 707 2505 Velificatus
734 2443 959 2517 Athos,
990 2452 1056 2502 et
1082 2439 1384 2521 quidquid
1414 2440 1675 2502 Graecia
1699 2443 1969 2503 mendax

335 2542 556 2602 Audet
582 2542 647 2602 in
676 2540 968 2616 historia3
1013 2546 1398 2600 constratum
1429 2538 1723 2600 classibus
1749 2539 1949 2599 isdem
2261 2558 2352 2604 175

338 2638 867 2719 Suppositumque
895 2636 1049 2697 rotis
1077 2636 1345 2697 solidum
1373 2653 1581 2709 mare3
1623 2635 1927 2696 credimus
1955 2637 2115 2698 altos

334 2733 652 2796 Defecisse
681 2753 892 2794 amnes
921 2742 1225 2814 epotaque
1252 2732 1511 2793 flumina
1538 2731 1731 2793 Medo

335 2832 716 2906 Prandente,
746 2841 811 2892 et
838 2831 1103 2891 madidis
1133 2839 1346 2891 cantat
1376 2849 1532 2911 quae
1564 2829 1879 2892 Sostratus
1906 2830 2035 2893 alis.

335 2929 454 2991 Ille
483 2938 694 2989 tamen
725 2927 922 3008 qualis
950 2928 1137 2987 rediit
1168 2927 1477 2988 Salamine
1505 2927 1739 3002 relicta,

334 3024 414 3086 In
445 3026 677 3088 Corum
705 3034 890 3105 atque
918 3024 1157 3085 Eurum
1185 3024 1406 3085 solitus
1435 3025 1670 3086 saevire
1698 3024 1958 3105 flagellis
2262 3042 2353 3086 180

336 3122 670 3196 Barbarus,
699 3120 924 3181 Aeolio
955 3140 1271 3200 nunquam
1299 3122 1420 3181 hoc
1447 3122 1512 3182 in
1542 3142 1784 3183 carcere
1812 3142 2043 3203 passos,

336 3221 554 3300 Ipsum
581 3217 980 3297 compedibus
1007 3217 1114 3296 qui
1141 3218 1428 3278 vinxerat
1459 3218 1919 3300 Ennosigaeum
1939 3221 1970 3280 ⁴?

337 3315 559 3376 Mitius
586 3314 654 3374 id
681 3333 827 3374 sane
856 3313 1024 3394 quod
1051 3334 1177 3373 non
1206 3324 1271 3374 et
1297 3314 1590 3393 stigmate
1621 3316 1881 3396 dignum

340 3411 642 3474 Credidit.
723 3408 891 3470 Huic
918 3409 1242 3489 quisquam
1267 3410 1459 3471 vellet
1486 3412 1714 3473 servire
1742 3412 2029 3473 deorum!
