<?xml version="1.0" encoding="UTF-8"?>
<!DOCTYPE html PUBLIC "-//W3C//DTD XHTML 1.0 Transitional//EN"
    "http://www.w3.org/TR/xhtml1/DTD/xhtml1-transitional.dtd">
<html xmlns="http://www.w3.org/1999/xhtml" xml:lang="en" lang="en">
 <head>
  <title>
</title>
<meta http-equiv="Content-Type" content="text/html;charset=utf-8" />
  <meta name='ocr-system' content='tesseract 3.04.00' />
  <meta name='ocr-capabilities' content='ocr_page ocr_carea ocr_par ocr_line ocrx_word'/>
</head>
<body>
  <div class='ocr_page' id='page_1' title='image "./thirteensatires00unkngoog_0091.png"; bbox 0 0 2734 4017; ppageno 0'>
   <div class='ocr_carea' id='block_1_1' title="bbox 1171 231 2442 297">
    <p class='ocr_par' dir='ltr' id='par_1_1' title="bbox 1171 231 2442 297">
     <span class='ocr_line' id='line_1_1' title="bbox 1171 231 2442 297; baseline 0.002 -2"><span class='ocrx_word' id='word_1_1' title='bbox 1171 245 1446 296; x_wconf 77' lang='lat' dir='ltr'>SATIBA</span> <span class='ocrx_word' id='word_1_2' title='bbox 1489 247 1651 295; x_wconf 85' lang='lat' dir='ltr'>xm.</span> <span class='ocrx_word' id='word_1_3' title='bbox 2358 231 2442 297; x_wconf 84' lang='grc'>75</span> 
     </span>
    </p>
   </div>
   <div class='ocr_carea' id='block_1_2' title="bbox 423 413 2443 3442">
    <p class='ocr_par' dir='ltr' id='par_1_2' title="bbox 423 413 2443 2655">
     <span class='ocr_line' id='line_1_2' title="bbox 423 413 2039 496; baseline 0 -21"><span class='ocrx_word' id='word_1_4' title='bbox 423 413 639 475; x_wconf 86' lang='lat' dir='ltr'>Radat</span> <span class='ocrx_word' id='word_1_5' title='bbox 664 414 933 475; x_wconf 83' lang='lat' dir='ltr'>inaurati</span> <span class='ocrx_word' id='word_1_6' title='bbox 959 414 1158 476; x_wconf 85' lang='lat' dir='ltr'>femur</span> <span class='ocrx_word' id='word_1_7' title='bbox 1185 415 1475 476; x_wconf 89' lang='lat' dir='ltr'>Herculis</span> <span class='ocrx_word' id='word_1_8' title='bbox 1503 424 1569 475; x_wconf 85' lang='lat' dir='ltr'>et</span> <span class='ocrx_word' id='word_1_9' title='bbox 1594 414 1812 476; x_wconf 80' lang='lat' dir='ltr'>faciem</span> <span class='ocrx_word' id='word_1_10' title='bbox 1840 415 2039 496; x_wconf 81' lang='lat' dir='ltr'>ipsam</span> 
     </span>
     <span class='ocr_line' id='line_1_3' title="bbox 424 510 1916 593; baseline 0.001 -22"><span class='ocrx_word' id='word_1_11' title='bbox 424 510 730 593; x_wconf 82' lang='lat' dir='ltr'>Neptuni,</span> <span class='ocrx_word' id='word_1_12' title='bbox 758 512 865 591; x_wconf 86' lang='lat' dir='ltr'>qui</span> <span class='ocrx_word' id='word_1_13' title='bbox 891 512 1270 573; x_wconf 87' lang='lat' dir='ltr'>bracteolam</span> <span class='ocrx_word' id='word_1_14' title='bbox 1298 512 1379 571; x_wconf 93' lang='lat' dir='ltr'>de</span> <span class='ocrx_word' id='word_1_15' title='bbox 1410 512 1666 572; x_wconf 80' lang='lat' dir='ltr'>Castore</span> <span class='ocrx_word' id='word_1_16' title='bbox 1710 513 1916 572; x_wconf 87' lang='lat' dir='ltr'>ducat.</span> 
     </span>
     <span class='ocr_line' id='line_1_4' title="bbox 427 608 2021 672; baseline 0.002 -3"><span class='ocrx_word' id='word_1_17' title='bbox 427 609 534 669; x_wconf 88' lang='lat' dir='ltr'>An</span> <span class='ocrx_word' id='word_1_18' title='bbox 563 609 810 669; x_wconf 91' lang='lat' dir='ltr'>dubitet</span> <span class='ocrx_word' id='word_1_19' title='bbox 838 608 1057 669; x_wconf 88' lang='lat' dir='ltr'>solitus</span> <span class='ocrx_word' id='word_1_20' title='bbox 1083 619 1292 669; x_wconf 90' lang='lat' dir='ltr'>totum</span> <span class='ocrx_word' id='word_1_21' title='bbox 1322 609 1589 669; x_wconf 87' lang='lat' dir='ltr'>conflare</span> <span class='ocrx_word' id='word_1_22' title='bbox 1620 608 2021 672; x_wconf 77' lang='lat' dir='ltr'><strong>Tonantem?</strong></span> 
     </span>
     <span class='ocr_line' id='line_1_5' title="bbox 431 706 1866 787; baseline 0 -19"><span class='ocrx_word' id='word_1_23' title='bbox 431 706 659 768; x_wconf 81' lang='lat' dir='ltr'>C&#39;onfer</span> <span class='ocrx_word' id='word_1_24' title='bbox 686 716 751 767; x_wconf 91' lang='lat' dir='ltr'>et</span> <span class='ocrx_word' id='word_1_25' title='bbox 779 706 1046 768; x_wconf 88' lang='lat' dir='ltr'>artifices</span> <span class='ocrx_word' id='word_1_26' title='bbox 1072 715 1606 787; x_wconf 79' lang='lat' dir='ltr'>mercatoremque</span> <span class='ocrx_word' id='word_1_27' title='bbox 1636 708 1866 769; x_wconf 87' lang='lat' dir='ltr'>veneni</span> 
     </span>
     <span class='ocr_line' id='line_1_6' title="bbox 427 802 2443 890; baseline 0.003 -25"><span class='ocrx_word' id='word_1_28' title='bbox 427 804 513 865; x_wconf 89' lang='lat' dir='ltr'>Et</span> <span class='ocrx_word' id='word_1_29' title='bbox 542 803 983 864; x_wconf 80' lang='lat' dir='ltr'>deducendum</span> <span class='ocrx_word' id='word_1_30' title='bbox 1002 802 1177 863; x_wconf 81' lang='lat' dir='ltr'>corio</span> <span class='ocrx_word' id='word_1_31' title='bbox 1202 802 1387 864; x_wconf 86' lang='lat' dir='ltr'>bovis</span> <span class='ocrx_word' id='word_1_32' title='bbox 1414 803 1480 863; x_wconf 82' lang='lat' dir='ltr'>in</span> <span class='ocrx_word' id='word_1_33' title='bbox 1509 822 1697 880; x_wconf 83' lang='lat' dir='ltr'>mare,</span> <span class='ocrx_word' id='word_1_34' title='bbox 1729 826 1872 868; x_wconf 89' lang='lat' dir='ltr'>cum</span> <span class='ocrx_word' id='word_1_35' title='bbox 1902 829 2026 890; x_wconf 91' lang='lat' dir='ltr'>quo</span> <span class='ocrx_word' id='word_1_36' title='bbox 2348 825 2443 871; x_wconf 92' lang='grc'>155</span> 
     </span>
     <span class='ocr_line' id='line_1_7' title="bbox 431 900 1743 965; baseline 0 0"><span class='ocrx_word' id='word_1_37' title='bbox 431 902 759 965; x_wconf 77' lang='lat' dir='ltr'>Clauditur</span> <span class='ocrx_word' id='word_1_38' title='bbox 785 900 1061 962; x_wconf 86' lang='lat' dir='ltr'>adversis</span> <span class='ocrx_word' id='word_1_39' title='bbox 1088 901 1346 961; x_wconf 83' lang='lat' dir='ltr'>innoxia</span> <span class='ocrx_word' id='word_1_40' title='bbox 1375 901 1554 963; x_wconf 89' lang='lat' dir='ltr'>simia</span> <span class='ocrx_word' id='word_1_41' title='bbox 1580 902 1743 965; x_wconf 87' lang='lat' dir='ltr'>fatis.</span> 
     </span>
     <span class='ocr_line' id='line_1_8' title="bbox 429 998 2265 1081; baseline 0.003 -19"><span class='ocrx_word' id='word_1_42' title='bbox 429 1000 605 1062; x_wconf 85' lang='lat' dir='ltr'>Haec</span> <span class='ocrx_word' id='word_1_43' title='bbox 626 1007 819 1081; x_wconf 85' lang='lat' dir='ltr'>quota</span> <span class='ocrx_word' id='word_1_44' title='bbox 844 1018 986 1079; x_wconf 88' lang='lat' dir='ltr'>pars</span> <span class='ocrx_word' id='word_1_45' title='bbox 1013 998 1316 1059; x_wconf 83' lang='lat' dir='ltr'>scelerum</span> <span class='ocrx_word' id='word_1_46' title='bbox 1345 1018 1503 1079; x_wconf 85' lang='lat' dir='ltr'>quae</span> <span class='ocrx_word' id='word_1_47' title='bbox 1533 1011 1743 1064; x_wconf 90' lang='lat' dir='ltr'>custos</span> <span class='ocrx_word' id='word_1_48' title='bbox 1772 1004 2045 1067; x_wconf 85' lang='lat' dir='ltr'>Gallicus</span> <span class='ocrx_word' id='word_1_49' title='bbox 2072 1003 2265 1068; x_wconf 83' lang='lat' dir='ltr'>Urbis</span> 
     </span>
     <span class='ocr_line' id='line_1_9' title="bbox 428 1085 1925 1180; baseline 0.003 -19"><span class='ocrx_word' id='word_1_50' title='bbox 428 1098 648 1180; x_wconf 84' lang='lat' dir='ltr'>Usque</span> <span class='ocrx_word' id='word_1_51' title='bbox 677 1117 715 1157; x_wconf 90' lang='lat' dir='ltr'>a</span> <span class='ocrx_word' id='word_1_52' title='bbox 741 1085 1026 1157; x_wconf 61' lang='lat' dir='ltr'>Lucifero</span> <span class='ocrx_word' id='word_1_53' title='bbox 1056 1097 1256 1158; x_wconf 86' lang='lat' dir='ltr'>donec</span> <span class='ocrx_word' id='word_1_54' title='bbox 1271 1097 1394 1157; x_wconf 71' lang='grc'><strong>,11111</strong></span> <span class='ocrx_word' id='word_1_55' title='bbox 1424 1099 1672 1163; x_wconf 84' lang='lat' dir='ltr'>occidat</span> <span class='ocrx_word' id='word_1_56' title='bbox 1699 1103 1876 1164; x_wconf 87' lang='lat' dir='ltr'>audit</span> <span class='ocrx_word' id='word_1_57' title='bbox 1893 1105 1925 1165; x_wconf 99' lang='lat' dir='ltr'>P</span> 
     </span>
     <span class='ocr_line' id='line_1_10' title="bbox 427 1194 1843 1276; baseline 0.003 -19"><span class='ocrx_word' id='word_1_58' title='bbox 427 1195 708 1257; x_wconf 83' lang='lat' dir='ltr'>Humani</span> <span class='ocrx_word' id='word_1_59' title='bbox 732 1195 979 1276; x_wconf 75' lang='lat' dir='ltr'>generis</span> <span class='ocrx_word' id='word_1_60' title='bbox 1006 1214 1210 1256; x_wconf 89' lang='lat' dir='ltr'>mores</span> <span class='ocrx_word' id='word_1_61' title='bbox 1251 1194 1369 1256; x_wconf 88' lang='lat' dir='ltr'>tibi</span> <span class='ocrx_word' id='word_1_62' title='bbox 1397 1218 1578 1259; x_wconf 90' lang='lat' dir='ltr'>nosse</span> <span class='ocrx_word' id='word_1_63' title='bbox 1604 1200 1843 1262; x_wconf 82' lang='lat' dir='ltr'>volenti</span> 
     </span>
     <span class='ocr_line' id='line_1_11' title="bbox 428 1292 2443 1374; baseline 0.001 -17"><span class='ocrx_word' id='word_1_64' title='bbox 428 1294 672 1358; x_wconf 88' lang='lat' dir='ltr'>Sufficit</span> <span class='ocrx_word' id='word_1_65' title='bbox 699 1314 824 1354; x_wconf 90' lang='lat' dir='ltr'>una</span> <span class='ocrx_word' id='word_1_66' title='bbox 850 1292 1088 1355; x_wconf 76' lang='lat' dir='ltr'>domus·</span> <span class='ocrx_word' id='word_1_67' title='bbox 1173 1294 1422 1356; x_wconf 86' lang='lat' dir='ltr'>Paucos</span> <span class='ocrx_word' id='word_1_68' title='bbox 1461 1317 1756 1359; x_wconf 81' lang='lat' dir='ltr'>consume</span> <span class='ocrx_word' id='word_1_69' title='bbox 1779 1298 1932 1374; x_wconf 89' lang='lat' dir='ltr'>dies,</span> <span class='ocrx_word' id='word_1_70' title='bbox 1962 1308 2027 1360; x_wconf 88' lang='lat' dir='ltr'>et</span> <span class='ocrx_word' id='word_1_71' title='bbox 2347 1314 2443 1359; x_wconf 88' lang='grc'>100</span> 
     </span>
     <span class='ocr_line' id='line_1_12' title="bbox 424 1381 2103 1475; baseline 0.002 -20"><span class='ocrx_word' id='word_1_72' title='bbox 424 1394 654 1455; x_wconf 82' lang='lat' dir='ltr'>Dicere</span> <span class='ocrx_word' id='word_1_73' title='bbox 681 1381 1069 1453; x_wconf 74' lang='lat' dir='ltr'>tess‘miserum</span> <span class='ocrx_word' id='word_1_74' title='bbox 1099 1403 1430 1475; x_wconf 82' lang='lat' dir='ltr'>postquam</span> <span class='ocrx_word' id='word_1_75' title='bbox 1457 1396 1628 1457; x_wconf 89' lang='grc'><strong>1111110</strong></span> <span class='ocrx_word' id='word_1_76' title='bbox 1654 1397 1896 1458; x_wconf 85' lang='lat' dir='ltr'>veneris</span> <span class='ocrx_word' id='word_1_77' title='bbox 1924 1398 2103 1458; x_wconf 84' lang='lat' dir='ltr'>aude.</span> 
     </span>
     <span class='ocr_line' id='line_1_13' title="bbox 426 1492 2200 1578; baseline 0.002 -25"><span class='ocrx_word' id='word_1_78' title='bbox 426 1492 586 1567; x_wconf 81' lang='lat' dir='ltr'>Quis</span> <span class='ocrx_word' id='word_1_79' title='bbox 612 1492 923 1553; x_wconf 89' lang='lat' dir='ltr'>tumidum</span> <span class='ocrx_word' id='word_1_80' title='bbox 949 1502 1172 1573; x_wconf 84' lang='lat' dir='ltr'>guttur</span> <span class='ocrx_word' id='word_1_81' title='bbox 1197 1493 1459 1554; x_wconf 85' lang='lat' dir='ltr'>miratur</span> <span class='ocrx_word' id='word_1_82' title='bbox 1482 1494 1550 1554; x_wconf 92' lang='lat' dir='ltr'>in</span> <span class='ocrx_word' id='word_1_83' title='bbox 1576 1494 1889 1576; x_wconf 78' lang='lat' dir='ltr'>Alpibus?</span> <span class='ocrx_word' id='word_1_84' title='bbox 1928 1507 2037 1558; x_wconf 85' lang='lat' dir='ltr'>aut</span> <span class='ocrx_word' id='word_1_85' title='bbox 2065 1496 2200 1578; x_wconf 88' lang='lat' dir='ltr'>quis</span> 
     </span>
     <span class='ocr_line' id='line_1_14' title="bbox 426 1589 1988 1670; baseline 0.002 -19"><span class='ocrx_word' id='word_1_86' title='bbox 426 1590 506 1651; x_wconf 92' lang='lat' dir='ltr'>In</span> <span class='ocrx_word' id='word_1_87' title='bbox 533 1590 752 1652; x_wconf 86' lang='lat' dir='ltr'>Meroe</span> <span class='ocrx_word' id='word_1_88' title='bbox 782 1610 986 1652; x_wconf 86' lang='lat' dir='ltr'>crasso</span> <span class='ocrx_word' id='word_1_89' title='bbox 1014 1589 1313 1670; x_wconf 88' lang='lat' dir='ltr'>majorem</span> <span class='ocrx_word' id='word_1_90' title='bbox 1341 1590 1579 1652; x_wconf 85' lang='lat' dir='ltr'>infante</span> <span class='ocrx_word' id='word_1_91' title='bbox 1607 1593 1939 1654; x_wconf 85' lang='lat' dir='ltr'>mamillam</span> <span class='ocrx_word' id='word_1_92' title='bbox 1957 1595 1988 1654; x_wconf 91' lang='lat' dir='ltr'>P</span> 
     </span>
     <span class='ocr_line' id='line_1_15' title="bbox 428 1687 2108 1770; baseline 0 -19"><span class='ocrx_word' id='word_1_93' title='bbox 428 1690 693 1752; x_wconf 82' lang='lat' dir='ltr'>Caerula</span> <span class='ocrx_word' id='word_1_94' title='bbox 720 1690 861 1770; x_wconf 89' lang='lat' dir='ltr'>quis</span> <span class='ocrx_word' id='word_1_95' title='bbox 885 1688 1127 1769; x_wconf 88' lang='lat' dir='ltr'>stupuit</span> <span class='ocrx_word' id='word_1_96' title='bbox 1157 1687 1733 1763; x_wconf 85' lang='lat' dir='ltr'>Germani-lumina,</span> <span class='ocrx_word' id='word_1_97' title='bbox 1761 1690 1987 1751; x_wconf 84' lang='lat' dir='ltr'>flavam</span> <span class='ocrx_word' id='word_1_98' title='bbox 2103 1727 2108 1731; x_wconf 89' lang='lat'><strong>·</strong></span> 
     </span>
     <span class='ocr_line' id='line_1_16' title="bbox 428 1775 2441 1866; baseline 0 -18"><span class='ocrx_word' id='word_1_99' title='bbox 428 1787 781 1849; x_wconf 83' lang='lat' dir='ltr'>Caesariem</span> <span class='ocrx_word' id='word_1_100' title='bbox 808 1796 874 1848; x_wconf 87' lang='lat' dir='ltr'>et</span> <span class='ocrx_word' id='word_1_101' title='bbox 901 1786 1157 1848; x_wconf 86' lang='lat' dir='ltr'>madido</span> <span class='ocrx_word' id='word_1_102' title='bbox 1186 1777 1588 1866; x_wconf 84' lang='lat' dir='ltr'>torquentem</span> <span class='ocrx_word' id='word_1_103' title='bbox 1615 1775 2031 1849; x_wconf 49' lang='lat' dir='ltr'>cornua&#39;cirro</span> <span class='ocrx_word' id='word_1_104' title='bbox 2055 1789 2086 1848; x_wconf 90' lang='lat' dir='ltr'>P</span> <span class='ocrx_word' id='word_1_105' title='bbox 2347 1803 2441 1849; x_wconf 83' lang='grc'>105</span> 
     </span>
     <span class='ocr_line' id='line_1_17' title="bbox 426 1884 2057 1966; baseline 0.001 -21"><span class='ocrx_word' id='word_1_106' title='bbox 426 1884 675 1966; x_wconf 84' lang='lat' dir='ltr'>Nempe</span> <span class='ocrx_word' id='word_1_107' title='bbox 704 1885 874 1966; x_wconf 84' lang='lat' dir='ltr'>quod</span> <span class='ocrx_word' id='word_1_108' title='bbox 900 1886 1055 1945; x_wconf 86' lang='lat' dir='ltr'>haec</span> <span class='ocrx_word' id='word_1_109' title='bbox 1081 1884 1205 1945; x_wconf 91' lang='lat' dir='ltr'>illis</span> <span class='ocrx_word' id='word_1_110' title='bbox 1232 1897 1457 1946; x_wconf 87' lang='lat' dir='ltr'>natura</span> <span class='ocrx_word' id='word_1_111' title='bbox 1483 1895 1579 1947; x_wconf 92' lang='lat' dir='ltr'>est</span> <span class='ocrx_word' id='word_1_112' title='bbox 1607 1886 1889 1947; x_wconf 91' lang='lat' dir='ltr'>omnibus</span> <span class='ocrx_word' id='word_1_113' title='bbox 1916 1906 2057 1947; x_wconf 84' lang='lat' dir='ltr'>una.</span> 
     </span>
     <span class='ocr_line' id='line_1_18' title="bbox 425 1982 2146 2066; baseline 0.001 -22"><span class='ocrx_word' id='word_1_114' title='bbox 425 1984 534 2044; x_wconf 88' lang='lat' dir='ltr'>Ad</span> <span class='ocrx_word' id='word_1_115' title='bbox 563 1983 800 2045; x_wconf 87' lang='lat' dir='ltr'>subitas</span> <span class='ocrx_word' id='word_1_116' title='bbox 827 1982 1141 2044; x_wconf 82' lang='lat' dir='ltr'>Thracum</span> <span class='ocrx_word' id='word_1_117' title='bbox 1169 1984 1455 2045; x_wconf 82' lang='lat' dir='ltr'>volucres</span> <span class='ocrx_word' id='word_1_118' title='bbox 1482 1985 1831 2066; x_wconf 88' lang='lat' dir='ltr'>nubemque</span> <span class='ocrx_word' id='word_1_119' title='bbox 1859 2005 2146 2047; x_wconf 85' lang='lat' dir='ltr'>sonoram</span> 
     </span>
     <span class='ocr_line' id='line_1_19' title="bbox 427 2073 1885 2163; baseline 0 -21"><span class='ocrx_word' id='word_1_120' title='bbox 427 2080 783 2163; x_wconf 83' lang='lat' dir='ltr'>Pygmaeus</span> <span class='ocrx_word' id='word_1_121' title='bbox 809 2081 1018 2162; x_wconf 87' lang='lat' dir='ltr'>parvis</span> <span class='ocrx_word' id='word_1_122' title='bbox 1047 2081 1241 2142; x_wconf 83' lang='lat' dir='ltr'>curi-it</span> <span class='ocrx_word' id='word_1_123' title='bbox 1265 2073 1531 2142; x_wconf 87' lang='lat' dir='ltr'>bellator</span> <span class='ocrx_word' id='word_1_124' title='bbox 1555 2080 1622 2141; x_wconf 93' lang='lat' dir='ltr'>in</span> <span class='ocrx_word' id='word_1_125' title='bbox 1663 2081 1885 2158; x_wconf 79' lang='lat' dir='ltr'>armis3</span> 
     </span>
     <span class='ocr_line' id='line_1_20' title="bbox 425 2167 1903 2260; baseline 0 -20"><span class='ocrx_word' id='word_1_126' title='bbox 425 2181 582 2240; x_wconf 83' lang='lat' dir='ltr'>Mox</span> <span class='ocrx_word' id='word_1_127' title='bbox 607 2177 808 2260; x_wconf 67' lang='lat' dir='ltr'>impar</span> <span class='ocrx_word' id='word_1_128' title='bbox 834 2168 1002 2240; x_wconf 88' lang='lat' dir='ltr'>hosti</span> <span class='ocrx_word' id='word_1_129' title='bbox 1029 2167 1366 2260; x_wconf 82' lang='lat' dir='ltr'>raptusque</span> <span class='ocrx_word' id='word_1_130' title='bbox 1394 2197 1506 2258; x_wconf 86' lang='lat' dir='ltr'>per</span> <span class='ocrx_word' id='word_1_131' title='bbox 1532 2197 1674 2238; x_wconf 87' lang='lat' dir='ltr'>aera</span> <span class='ocrx_word' id='word_1_132' title='bbox 1700 2179 1903 2240; x_wconf 89' lang='lat' dir='ltr'>curvis</span> 
     </span>
     <span class='ocr_line' id='line_1_21' title="bbox 426 2274 2440 2359; baseline -0 -20"><span class='ocrx_word' id='word_1_133' title='bbox 426 2277 763 2359; x_wconf 89' lang='lat' dir='ltr'>Unguibus</span> <span class='ocrx_word' id='word_1_134' title='bbox 793 2298 830 2340; x_wconf 78' lang='lat' dir='ltr'>a</span> <span class='ocrx_word' id='word_1_135' title='bbox 861 2299 1046 2340; x_wconf 84' lang='lat' dir='ltr'>saeva</span> <span class='ocrx_word' id='word_1_136' title='bbox 1074 2278 1272 2338; x_wconf 87' lang='lat' dir='ltr'>fertur</span> <span class='ocrx_word' id='word_1_137' title='bbox 1296 2294 1473 2358; x_wconf 82' lang='lat' dir='ltr'>grue.</span> <span class='ocrx_word' id='word_1_138' title='bbox 1556 2274 1624 2335; x_wconf 89' lang='lat' dir='ltr'>Si</span> <span class='ocrx_word' id='word_1_139' title='bbox 1651 2274 1863 2336; x_wconf 81' lang='lat' dir='ltr'>videas</span> <span class='ocrx_word' id='word_1_140' title='bbox 1890 2277 2010 2338; x_wconf 89' lang='lat' dir='ltr'>hoc</span> <span class='ocrx_word' id='word_1_141' title='bbox 2346 2293 2440 2339; x_wconf 82' lang='grc'>170</span> 
     </span>
     <span class='ocr_line' id='line_1_22' title="bbox 427 2365 2038 2455; baseline -0.001 -20"><span class='ocrx_word' id='word_1_142' title='bbox 427 2375 737 2438; x_wconf 85' lang='lat' dir='ltr'>Gentibus</span> <span class='ocrx_word' id='word_1_143' title='bbox 762 2376 828 2437; x_wconf 93' lang='lat' dir='ltr'>in</span> <span class='ocrx_word' id='word_1_144' title='bbox 856 2365 1102 2450; x_wconf 39' lang='lat' dir='ltr'>nostri&amp;</span> <span class='ocrx_word' id='word_1_145' title='bbox 1132 2375 1259 2435; x_wconf 90' lang='lat' dir='ltr'>risu</span> <span class='ocrx_word' id='word_1_146' title='bbox 1290 2373 1569 2455; x_wconf 86' lang='lat' dir='ltr'>quatiare</span> <span class='ocrx_word' id='word_1_147' title='bbox 1596 2393 1611 2433; x_wconf 91' lang='lat'><strong>:</strong></span> <span class='ocrx_word' id='word_1_148' title='bbox 1652 2373 1759 2433; x_wconf 89' lang='lat' dir='ltr'>sed</span> <span class='ocrx_word' id='word_1_149' title='bbox 1788 2373 1932 2448; x_wconf 87' lang='grc'><strong>11110,</strong></span> <span class='ocrx_word' id='word_1_150' title='bbox 2035 2419 2038 2424; x_wconf 60' lang='grc'><em>»</em></span> 
     </span>
     <span class='ocr_line' id='line_1_23' title="bbox 426 2471 2182 2556; baseline -0.002 -21"><span class='ocrx_word' id='word_1_151' title='bbox 426 2473 801 2556; x_wconf 81' lang='lat' dir='ltr'>Quanquam</span> <span class='ocrx_word' id='word_1_152' title='bbox 830 2475 1049 2535; x_wconf 88' lang='lat' dir='ltr'>eadem</span> <span class='ocrx_word' id='word_1_153' title='bbox 1080 2474 1325 2535; x_wconf 86' lang='lat' dir='ltr'>assidue</span> <span class='ocrx_word' id='word_1_154' title='bbox 1356 2478 1717 2551; x_wconf 88' lang='lat' dir='ltr'>spectentur</span> <span class='ocrx_word' id='word_1_155' title='bbox 1742 2471 1991 2550; x_wconf 85' lang='lat' dir='ltr'>proelia,</span> <span class='ocrx_word' id='word_1_156' title='bbox 2019 2471 2182 2532; x_wconf 90' lang='lat' dir='ltr'>ridet</span> 
     </span>
     <span class='ocr_line' id='line_1_24' title="bbox 426 2567 2054 2655; baseline -0.002 -22"><span class='ocrx_word' id='word_1_157' title='bbox 426 2572 652 2649; x_wconf 89' lang='lat' dir='ltr'>Nemo,</span> <span class='ocrx_word' id='word_1_158' title='bbox 679 2573 787 2635; x_wconf 88' lang='lat' dir='ltr'>ubi</span> <span class='ocrx_word' id='word_1_159' title='bbox 810 2583 953 2636; x_wconf 72' lang='lat' dir='ltr'>&#39;tota</span> <span class='ocrx_word' id='word_1_160' title='bbox 982 2575 1201 2636; x_wconf 88' lang='lat' dir='ltr'>cohors</span> <span class='ocrx_word' id='word_1_161' title='bbox 1233 2571 1393 2655; x_wconf 85' lang='lat' dir='ltr'>pede</span> <span class='ocrx_word' id='word_1_162' title='bbox 1423 2589 1548 2630; x_wconf 93' lang='lat' dir='ltr'>non</span> <span class='ocrx_word' id='word_1_163' title='bbox 1580 2577 1676 2629; x_wconf 86' lang='lat' dir='ltr'>est</span> <span class='ocrx_word' id='word_1_164' title='bbox 1701 2567 1886 2628; x_wconf 88' lang='lat' dir='ltr'>altior</span> <span class='ocrx_word' id='word_1_165' title='bbox 1912 2588 2054 2629; x_wconf 87' lang='lat' dir='ltr'>uno.</span> 
     </span>
    </p>

    <p class='ocr_par' dir='ltr' id='par_1_3' title="bbox 427 2664 2441 3442">
     <span class='ocr_line' id='line_1_25' title="bbox 506 2664 2059 2756; baseline -0.005 -24"><span class='ocrx_word' id='word_1_166' title='bbox 506 2678 544 2710; x_wconf 75' lang='lat'>‘⁶</span> <span class='ocrx_word' id='word_1_167' title='bbox 563 2671 837 2734; x_wconf 84' lang='lat' dir='ltr'>Nullane</span> <span class='ocrx_word' id='word_1_168' title='bbox 865 2673 1094 2755; x_wconf 60' lang='lat' dir='ltr'>perjuri</span> <span class='ocrx_word' id='word_1_169' title='bbox 1123 2671 1342 2756; x_wconf 85' lang='lat' dir='ltr'>capitis</span> <span class='ocrx_word' id='word_1_170' title='bbox 1376 2667 1731 2745; x_wconf 86' lang='lat' dir='ltr'>fraudisque</span> <span class='ocrx_word' id='word_1_171' title='bbox 1760 2664 2059 2725; x_wconf 87' lang='lat' dir='ltr'>nefandae</span> 
     </span>
     <span class='ocr_line' id='line_1_26' title="bbox 427 2761 2440 2851; baseline -0.002 -22"><span class='ocrx_word' id='word_1_172' title='bbox 427 2768 643 2830; x_wconf 87' lang='lat' dir='ltr'>Poena</span> <span class='ocrx_word' id='word_1_173' title='bbox 670 2770 833 2832; x_wconf 81' lang='lat' dir='ltr'>erit?</span> <span class='ocrx_word' id='word_1_174' title='bbox 853 2770 888 2801; x_wconf 81' lang='lat'>’⁷</span> <span class='ocrx_word' id='word_1_175' title='bbox 968 2772 1323 2851; x_wconf 90' lang='lat' dir='ltr'>Abreptum</span> <span class='ocrx_word' id='word_1_176' title='bbox 1353 2767 1536 2830; x_wconf 85' lang='lat' dir='ltr'>crede</span> <span class='ocrx_word' id='word_1_177' title='bbox 1566 2764 1734 2824; x_wconf 90' lang='lat' dir='ltr'>hunc</span> <span class='ocrx_word' id='word_1_178' title='bbox 1759 2761 2043 2843; x_wconf 82' lang='lat' dir='ltr'>graviore</span> <span class='ocrx_word' id='word_1_179' title='bbox 2071 2772 2290 2823; x_wconf 82' lang='lat' dir='ltr'>catena</span> <span class='ocrx_word' id='word_1_180' title='bbox 2350 2782 2440 2827; x_wconf 83' lang='lat'>175</span> 
     </span>
     <span class='ocr_line' id='line_1_27' title="bbox 427 2859 2066 2948; baseline -0.004 -23"><span class='ocrx_word' id='word_1_181' title='bbox 427 2865 725 2929; x_wconf 87' lang='lat' dir='ltr'>Protinus</span> <span class='ocrx_word' id='word_1_182' title='bbox 752 2877 819 2929; x_wconf 88' lang='lat' dir='ltr'>et</span> <span class='ocrx_word' id='word_1_183' title='bbox 845 2878 1059 2930; x_wconf 89' lang='lat' dir='ltr'>nostro</span> <span class='ocrx_word' id='word_1_184' title='bbox 1092 2868 1269 2948; x_wconf 86' lang='lat' dir='ltr'>(quid</span> <span class='ocrx_word' id='word_1_185' title='bbox 1298 2868 1439 2948; x_wconf 89' lang='lat' dir='ltr'>plus</span> <span class='ocrx_word' id='word_1_186' title='bbox 1467 2863 1621 2925; x_wconf 82' lang='lat' dir='ltr'>velit</span> <span class='ocrx_word' id='word_1_187' title='bbox 1662 2862 1754 2922; x_wconf 88' lang='lat' dir='ltr'>ira</span> <span class='ocrx_word' id='word_1_188' title='bbox 1772 2860 1829 2939; x_wconf 81' lang='lat' dir='ltr'>P)</span> <span class='ocrx_word' id='word_1_189' title='bbox 1864 2859 2066 2920; x_wconf 86' lang='lat' dir='ltr'>necari</span> 
     </span>
     <span class='ocr_line' id='line_1_28' title="bbox 428 2963 2103 3044; baseline -0.004 -20"><span class='ocrx_word' id='word_1_190' title='bbox 428 2963 744 3043; x_wconf 86' lang='lat' dir='ltr'>Arbitrio;</span> <span class='ocrx_word' id='word_1_191' title='bbox 784 2974 996 3027; x_wconf 84' lang='lat' dir='ltr'>manet</span> <span class='ocrx_word' id='word_1_192' title='bbox 1023 2966 1129 3026; x_wconf 88' lang='lat' dir='ltr'>illa</span> <span class='ocrx_word' id='word_1_193' title='bbox 1157 2975 1367 3027; x_wconf 85' lang='lat' dir='ltr'>tamen</span> <span class='ocrx_word' id='word_1_194' title='bbox 1389 2964 1653 3044; x_wconf 78' lang='lat' dir='ltr'>jactura,</span> <span class='ocrx_word' id='word_1_195' title='bbox 1686 2981 1801 3022; x_wconf 87' lang='lat' dir='ltr'>nec</span> <span class='ocrx_word' id='word_1_196' title='bbox 1831 2979 2103 3038; x_wconf 89' lang='lat' dir='ltr'>unquam</span> 
     </span>
     <span class='ocr_line' id='line_1_29' title="bbox 427 3061 2027 3144; baseline -0.004 -21"><span class='ocrx_word' id='word_1_197' title='bbox 427 3063 801 3144; x_wconf 89' lang='lat' dir='ltr'>Depositum</span> <span class='ocrx_word' id='word_1_198' title='bbox 828 3063 942 3125; x_wconf 92' lang='lat' dir='ltr'>tibi</span> <span class='ocrx_word' id='word_1_199' title='bbox 971 3082 1182 3142; x_wconf 89' lang='lat' dir='ltr'>sospes</span> <span class='ocrx_word' id='word_1_200' title='bbox 1211 3061 1344 3136; x_wconf 86' lang='lat' dir='ltr'>erit,</span> <span class='ocrx_word' id='word_1_201' title='bbox 1376 3061 1486 3122; x_wconf 90' lang='lat' dir='ltr'>sed</span> <span class='ocrx_word' id='word_1_202' title='bbox 1516 3080 1773 3142; x_wconf 88' lang='lat' dir='ltr'>corpore</span> <span class='ocrx_word' id='word_1_203' title='bbox 1802 3068 2027 3119; x_wconf 86' lang='lat' dir='ltr'>trunco</span> 
     </span>
     <span class='ocr_line' id='line_1_30' title="bbox 430 3153 1819 3238; baseline -0.004 -17"><span class='ocrx_word' id='word_1_204' title='bbox 430 3161 749 3222; x_wconf 84' lang='lat' dir='ltr'>Invidiosa</span> <span class='ocrx_word' id='word_1_205' title='bbox 776 3153 953 3219; x_wconf 85' lang='lat' dir='ltr'>dabit</span> <span class='ocrx_word' id='word_1_206' title='bbox 978 3158 1271 3218; x_wconf 89' lang='lat' dir='ltr'>minimus</span> <span class='ocrx_word' id='word_1_207' title='bbox 1299 3157 1522 3219; x_wconf 86' lang='lat' dir='ltr'>solatia</span> <span class='ocrx_word' id='word_1_208' title='bbox 1550 3157 1819 3238; x_wconf 85' lang='lat' dir='ltr'>sanguis.</span> 
     </span>
     <span class='ocr_line' id='line_1_31' title="bbox 431 3252 2441 3338; baseline -0.005 -21"><span class='ocrx_word' id='word_1_209' title='bbox 431 3266 468 3294; x_wconf 91' lang='lat'><strong>“</strong></span> <span class='ocrx_word' id='word_1_210' title='bbox 488 3257 583 3319; x_wconf 92' lang='lat' dir='ltr'>At</span> <span class='ocrx_word' id='word_1_211' title='bbox 608 3256 888 3318; x_wconf 78' lang='lat' dir='ltr'>vindicta</span> <span class='ocrx_word' id='word_1_212' title='bbox 911 3255 1148 3315; x_wconf 90' lang='lat' dir='ltr'>bonum</span> <span class='ocrx_word' id='word_1_213' title='bbox 1175 3254 1308 3314; x_wconf 85' lang='lat' dir='ltr'>vita</span> <span class='ocrx_word' id='word_1_214' title='bbox 1326 3254 1668 3338; x_wconf 85' lang='lat' dir='ltr'>jucundius</span> <span class='ocrx_word' id='word_1_215' title='bbox 1694 3252 1881 3334; x_wconf 59' lang='lat' dir='ltr'>ipsa?</span> <span class='ocrx_word' id='word_1_216' title='bbox 2351 3262 2441 3307; x_wconf 85' lang='lat'>180</span> 
     </span>
     <span class='ocr_line' id='line_1_32' title="bbox 431 3349 2134 3442; baseline -0.002 -27"><span class='ocrx_word' id='word_1_217' title='bbox 431 3354 675 3436; x_wconf 88' lang='lat' dir='ltr'>Nempe</span> <span class='ocrx_word' id='word_1_218' title='bbox 702 3354 822 3415; x_wconf 89' lang='grc'><strong>1100</strong></span> <span class='ocrx_word' id='word_1_219' title='bbox 849 3351 1106 3442; x_wconf 79' lang='lat' dir='ltr'>indocti,</span> <span class='ocrx_word' id='word_1_220' title='bbox 1134 3370 1396 3430; x_wconf 89' lang='lat' dir='ltr'>quorum</span> <span class='ocrx_word' id='word_1_221' title='bbox 1423 3350 1784 3430; x_wconf 82' lang='lat' dir='ltr'>praecordia</span> <span class='ocrx_word' id='word_1_222' title='bbox 1811 3349 1998 3413; x_wconf 85' lang='lat' dir='ltr'>nullis</span> <span class='ocrx_word' id='word_1_223' title='bbox 2122 3377 2134 3383; x_wconf 56' lang='lat'><strong>„</strong></span> 
     </span>
    </p>
   </div>
  </div>
 </body>
</html>
