2734 4017
390 175 474 240 20
999 190 1071 236 D.
1102 189 1310 238 Jtmn
1350 189 1764 239 JUVENALIS

391 357 731 418 Servabat:
771 366 982 418 tamen
1009 356 1112 416 hic
1138 368 1431 437 properat
1458 359 1636 419 velut
1661 365 1879 438 urgeat
1904 357 2177 418 Auster:

389 454 605 534 thue
633 455 802 515 lacus
831 454 1140 528 suberant,
1172 454 1278 516 ubi
1306 474 1660 535 quanquam
1686 454 1894 515 diruta
1920 463 2129 515 servat

387 554 610 634 Ignem
638 552 977 632 Trojanum
1004 562 1069 612 et
1095 551 1358 613 Vestam
1388 555 1539 614 colit
1563 555 1733 614 Alba
1758 554 2080 632 minorem,

387 651 653 712 Obstitit
678 651 935 710 intranti
965 650 1244 710 miratrix
1272 652 1458 712 turba
1483 671 1832 733 parumper.

387 749 485 812 Ut
514 750 715 823 cessit,
742 749 908 808 facili
934 758 1274 829 patuerunt
1301 750 1552 811 cardine
1580 751 1839 828 valvae3

384 850 640 910 Exclusi
668 859 954 930 spectant
982 850 1250 911 admissa
1277 851 1535 913 obsonia
1562 852 1799 915 Patres.

385 949 524 1008 Itur
550 948 631 1009 ad
658 949 945 1010 Atriden.
1025 948 1190 1009 Tum
1218 949 1460 1026 Picens,
1488 960 1523 991 ‘⁴
1538 952 1824 1032 Accipe,”
1851 952 2030 1029 dixit,

385 1055 418 1083 ‘⁶
440 1045 711 1107 Privatis
737 1045 970 1126 majora
995 1046 1182 1109 focis:
1226 1049 1487 1129 genialis
1514 1061 1736 1131 agatur

383 1146 514 1207 Iste
542 1147 710 1207 dies:
754 1167 1014 1227 propera
1040 1150 1429 1209 stomachum
1454 1150 1661 1211 laxare
1688 1150 1935 1232 saginis,

384 1243 471 1305 Et
499 1253 610 1305 tua
636 1255 950 1305 servatum
978 1266 1268 1307 consume
1296 1247 1361 1307 in
1391 1249 1599 1309 secula
1623 1249 1967 1311 rhombum.

383 1342 527 1424 Ipse
555 1343 692 1423 capi
719 1342 969 1404 voluit.”
1054 1344 1225 1417 Quid
1253 1346 1526 1426 apertius
1542 1347 1572 1407 ⁴?
1612 1355 1678 1407 et
1703 1354 1914 1409 tamen
1941 1345 2035 1407 illi

384 1440 737 1522 Surgebant
764 1442 1001 1503 cristae.
1082 1442 1260 1502 Nihil
1287 1451 1384 1504 est
1412 1445 1579 1525 quod
1606 1445 1855 1506 credere
1883 1445 1962 1505 de
1989 1462 2056 1506 se

382 1538 530 1598 Non
557 1539 751 1619 possit
780 1559 970 1619 quum
995 1540 1286 1602 laudatur
1312 1541 1409 1602 dis
1438 1561 1635 1622 aequa
1660 1551 1955 1622 potestas.

384 1638 508 1699 Sed
539 1639 751 1700 deerat
777 1640 928 1719 pisci
955 1640 1202 1719 patinae
1232 1660 1534 1702 mensura.
1616 1640 1945 1702 Vocantur

381 1735 550 1817 Ergo
578 1735 644 1796 in
671 1736 993 1797 consilium
1021 1756 1321 1816 proceres,
1346 1758 1504 1819 quos
1532 1738 1749 1800 oderat
1774 1739 1897 1813 ille,

380 1833 458 1893 In
486 1854 749 1915 quorum
774 1834 927 1894 facie
955 1834 1212 1895 miserae
1239 1854 1622 1916 magnaeque
1651 1836 1907 1897 sedebat

382 1931 594 1993 Pallor
620 1932 941 1993 amicitiae.
1023 1931 1272 1993 Primus
1301 1933 1607 1994 clamante
1634 1932 1910 1995 Liburno

380 2038 414 2067 “
435 2030 694 2104 Currite,
722 2030 858 2110 jam
884 2030 1082 2091 sedit!
1104 2029 1136 2058 ”
1175 2040 1356 2109 rapta
1381 2030 1750 2110 properabat
1779 2031 1981 2092 abolla

379 2126 673 2207 Pegasus»,
702 2128 1002 2189 attonitae
1030 2128 1268 2208 positus
1295 2127 1486 2187 modo
1514 2127 1757 2189 villicus
1784 2127 1964 2190 Urbi.

378 2225 564 2286 Anne
594 2226 760 2286 aliud
788 2236 939 2287 tunc
964 2226 1308 2307 praefecti?
1350 2244 1612 2305 quorum
1640 2226 1908 2306 optimus
1938 2234 2123 2307 atque

375 2322 691 2404 Interpres
718 2323 927 2404 legum
956 2322 1408 2398 sanctissimus3
1450 2322 1659 2383 omnia
1686 2343 2036 2405 quanquam

376 2421 784 2501 Temporibus
811 2421 960 2482 diris
985 2420 1316 2482 tractanda
1341 2421 1605 2500 putabat
1625 2420 1845 2481 inermi

375 2519 418 2580 J
421 2519 651 2580 ustitia.
732 2518 928 2579 Venit
956 2526 1021 2579 et
1051 2518 1252 2599 Crispi
1276 2518 1887 2600 jucunda-senectus.

377 2617 570 2698 Cujus
600 2625 776 2677 erant
804 2636 1005 2678 mores
1033 2615 1230 2697 qualis
1256 2614 1564 2688 facundia,
1592 2615 1744 2675 mite

373 2714 720 2795 Ingenium.
800 2713 1003 2774 Maria
1030 2733 1103 2774 ac
1127 2720 1325 2773 terras
1352 2711 1742 2792 populosque
1764 2711 2007 2792 regenti

375 2813 532 2889 Quis
560 2823 766 2874 co‘mes
794 2812 1020 2886 utilior,
1048 2810 1098 2870 si
1127 2809 1304 2870 clade
1333 2818 1400 2869 et
1426 2816 1599 2887 peste
1630 2809 1743 2868 sub
1770 2808 1878 2868 illa

375 2909 714 2970 Saevitiam
742 2908 1034 2968 damnare
1063 2917 1128 2969 et
1154 2906 1487 2966 honestum
1515 2904 1727 2965 afferre
1754 2905 1969 2967 liceret

374 3006 760 3067 Consilium?
841 3004 967 3064 Sed
996 3004 1145 3084 quid
1172 3002 1507 3063 violentius
1535 3021 1680 3063 aure
1707 3005 1974 3083 tyranni,

374 3104 534 3164 Cum
562 3124 684 3183 quo
713 3102 791 3162 de
819 3101 1042 3181 pluviis
1072 3109 1180 3161 aut
1209 3101 1478 3161 aestibus
1509 3110 1619 3162 aut
1645 3101 1924 3163 nimboso

371 3200 540 3260 Vere
567 3198 837 3260 locuturi
860 3198 1059 3257 fatum
1085 3198 1399 3277 pendebat
1428 3199 1657 3259 amici?
1761 3217 1764 3220 ·

370 3298 487 3358 Ille
514 3298 708 3377 igitur
732 3315 1050 3376 nunquam
1078 3296 1304 3357 direxit
1330 3297 1581 3357 brachia
1608 3306 1824 3358 contra

370 3395 759 3469 Torrentem,
783 3413 901 3454 nec
927 3393 1079 3455 civis
1105 3402 1245 3455 erat
1270 3394 1375 3475 qui
1403 3394 1596 3455 libera
1622 3404 1833 3474 posset

2329 1457 2392 1505 70

2323 1947 2388 1995 ⁷3

2322 2437 2383 2483 80

2318 2923 2380 2969 85

2277 3405 2385 3468 ’θα
