2734 4017
1183 264 1458 313 sA‘rmA
1503 264 1659 313 xv1.
2322 247 2402 313 97

387 434 605 505 Quum
633 432 760 494 duo
787 453 966 494 crura
990 433 1237 507 habeaS,
1265 432 1577 494 offendere
1606 440 1704 493 tot
1731 431 1977 512 caligas,
2003 438 2104 493 tot

385 529 591 590 Millia
620 530 956 592 clavorum.
1035 529 1190 602 Quis
1218 540 1351 591 tam
1377 530 1593 610 procul
1621 528 1782 590 absit
1809 529 1887 589 ab
1916 527 2092 591 Urbe
2336 540 2402 587 25

387 627 766 688 Praeterea?
809 628 947 707 quis
974 635 1106 687 tam
1135 627 1409 707 Pylades
1438 626 1666 686 molem
1694 625 1937 706 aggeris
1963 626 2130 686 ultra

385 725 488 787 Ut
518 725 724 784 veniat
739 725 769 784 ἰ’
850 723 1173 784 Lacrimae
1203 723 1513 785 siccentur
1537 722 1839 804 protinus,
1868 731 1935 784 et
1960 742 2029 784 se

383 822 810 883 Excusaturos
837 841 961 882 non
992 820 1399 882 sollicitemus
1426 820 1674 895 amicos,

386 928 425 957 “
442 919 545 980 Da
571 918 850 993 testem‚”
872 918 1072 999 judex
1104 937 1295 997 quum
1325 917 1574 978 dixerit.
1653 918 1910 980 Audeat
1937 918 2045 979 ille

384 1017 622 1078 Nescio
651 1015 786 1096 quis
813 1034 1055 1095 pugnos
1088 1013 1196 1094 qui
1222 1013 1385 1076 vidit
1413 1013 1634 1090 dicere,
1661 1022 1697 1052 “
1713 1014 1920 1090 Vidi‚”
2338 1032 2402 1078 3ο

382 1114 474 1175 Et
503 1114 753 1175 credam
781 1113 1042 1193 dignum
1071 1112 1264 1173 barba
1294 1111 1677 1193 dignumque
1706 1113 1944 1194 capillis

384 1211 718 1291 Majorum.
800 1210 1001 1271 Citius
1027 1210 1250 1271 falsum
1278 1209 1624 1290 producere
1651 1219 1880 1272 testem

385 1310 626 1370 Contra
650 1328 964 1389 paganum
991 1308 1187 1387 possis
1219 1326 1408 1388 quam
1437 1326 1586 1368 vera
1610 1308 1974 1389 loquentem

385 1407 626 1467 Contra
652 1406 966 1466 fortunam
996 1404 1218 1465 armati
1252 1413 1593 1485 contraque
1621 1407 1941 1486 pudorem.

465 1501 754 1562 Praemia
779 1521 947 1562 nunc
975 1501 1093 1562 alia
1120 1510 1307 1581 atque
1337 1500 1460 1562 alia
1487 1504 1905 1564 emolumenta
1931 1512 2222 1566 notemus
2336 1520 2401 1567 35

387 1599 947 1660 Sacramentorum.
1029 1599 1396 1659 Convallem
1423 1599 1582 1660 ruris
1609 1600 1762 1661 aviti

386 1695 719 1776 Improbus
750 1704 857 1755 aut
886 1714 1175 1775 campum
1206 1696 1355 1756 mihi
1386 1696 1437 1757 si
1465 1697 1703 1758 vicinus
1732 1698 1984 1773 ademit,

382 1792 472 1854 Et
503 1812 748 1853 sacrum
777 1792 993 1853 effodit
1020 1791 1229 1852 medio
1258 1793 1339 1853 de
1372 1793 1570 1854 limite
1599 1813 1816 1856 saxum

386 1889 577 1962 Quod
604 1908 746 1949 mea
773 1909 915 1950 cum
941 1888 1159 1969 patulo
1189 1889 1382 1949 coluit
1411 1891 1554 1970 puls
1580 1910 1783 1952 annua
1811 1892 1973 1967 libo;

382 1986 651 2046 Debitor
678 1996 787 2048 aut
817 1996 1098 2065 sumptos
1127 1986 1332 2066 pergit
1361 2007 1490 2048 non
1518 1988 1778 2048 reddere
1806 2009 2112 2065 nummos,
2335 2005 2401 2049 40

382 2083 571 2143 Vana
598 2082 964 2162 supervacui
993 2083 1205 2142 dicens
1234 2083 1643 2165 chirographa
1668 2084 1862 2165 ligni3

383 2179 859 2260 Exspectandus
888 2179 1006 2239 erit
1036 2179 1144 2258 qui
1173 2179 1315 2240 lites
1342 2180 1593 2242 inchoet
1622 2201 1819 2243 annus

382 2276 606 2336 Totius
633 2275 865 2356 populi.
951 2274 1077 2335 Sed
1106 2285 1259 2336 tunc
1290 2297 1537 2358 quoque
1564 2278 1732 2339 mille
1758 2279 2016 2341 ferenda

383 2372 636 2447 Taedia,
664 2372 833 2432 mille
864 2391 1111 2448 morae;
1154 2374 1343 2435 toties
1373 2374 1663 2436 subsellia
1687 2385 1938 2437 tantum

384 2470 796 2544 Sternuntur3
836 2478 991 2544 tum,
1021 2469 1292 2531 facundo
1318 2480 1591 2551 ponente
1618 2474 1895 2535 lacernas
2337 2490 2402 2534 45

384 2566 676 2629 Caedicio
704 2575 769 2627 et
798 2565 1001 2626 Fusco
1023 2566 1157 2646 jam
1185 2568 1597 2645 micturiente,
1623 2571 1825 2649 parati

383 2663 785 2744 Digredimur
811 2663 1106 2745 lentaque
1138 2665 1257 2726 fori
1283 2685 1632 2746 pugnamus
1661 2686 1864 2728 arena„

380 2762 505 2821 Ast
530 2761 653 2821 illis
680 2781 832 2841 quos
860 2781 1031 2822 arma
1058 2772 1283 2844 tegunt
1312 2773 1378 2825 et
1404 2763 1644 2824 balteus
1672 2765 1868 2826 ambit

384 2858 567 2931 Quod
595 2858 892 2939 placitum
923 2870 1018 2921 est
1046 2861 1194 2940 ipsis
1225 2868 1576 2941 praestatur
1603 2869 1846 2940 tempus
1874 2863 2119 2943 agendi,

382 2956 522 3016 Nec
548 2976 645 3016 res
674 2956 963 3017 atteritur
993 2957 1181 3038 longo
1213 2956 1551 3018 sufflamine
1578 2958 1722 3019 litis.
2337 2975 2405 3020 50
2486 2977 2495 2984 ·

464 3052 628 3115 Solis
656 3064 976 3134 praeterea
1006 3054 1281 3116 testandi
1311 3054 1610 3115 militibus
1628 3055 1732 3135 jus

382 3149 552 3210 Vivo
580 3162 759 3231 patre
790 3152 1006 3212 datur:
1049 3172 1195 3211 nam
1223 3170 1379 3231 quae
1409 3162 1551 3212 sunt
1578 3160 1759 3232 parta
1784 3151 1994 3213 labore

382 3246 647 3309 Militiae
680 3248 912 3329 placuit
939 3268 1066 3309 non
1096 3267 1227 3308 esse
1255 3248 1319 3308 in
1349 3268 1604 3329 corpore
1634 3268 1870 3325 census,

384 3346 587 3408 Omne
618 3354 795 3408 tenet
822 3345 993 3425 cujus
1021 3345 1298 3425 regimen
1325 3355 1521 3425 pater.
1602 3345 1774 3427 Ergo
1804 3347 2114 3409 Coranum

387 3442 722 3525 Signorum
749 3441 1041 3504 comitem
1070 3449 1525 3521 castrorumque
1554 3462 1696 3504 aera
1722 3454 2067 3505 merentem
2338 3456 2402 3501 55

1364 3540 1394 3592 7
