2734 4017
432 208 516 271 36
1039 224 1110 271 n.
1156 224 1364 272 Jmm
1407 221 1823 272 JUVENALIS

431 389 738 471 Discipuli
766 399 971 452 custos
998 390 1390 469 praemordet
1417 390 1863 451 Acoenonetus

429 487 518 549 Et
547 488 651 567 qui
678 487 993 568 dispensat
1020 487 1250 567 frangit
1278 487 1411 547 sibi.
1498 487 1689 559 Cede,
1717 486 2077 561 Palaemon,

429 585 516 646 Et
542 596 756 666 patere
783 585 928 644 inde
957 584 1191 664 aliquid
1219 584 1591 658 decrescere,
1619 602 1747 643 non
1776 583 1954 643 aliter
1981 604 2167 669 quam

430 683 691 744 Institor
716 681 1009 741 hibernae
1037 680 1267 759 tegetis
1293 679 1581 760 niveique
1613 680 1880 755 cadurci,

429 778 788 842 Dummodo
815 798 942 838 non
967 787 1183 857 pereat
1209 777 1451 837 mediae
1480 778 1648 857 quod
1676 780 1877 841 noctis
1904 781 1984 842 ab
2009 781 2164 841 hora

435 876 666 939 Sedisti
693 895 816 956 qua
840 894 1025 937 nemo
1051 874 1238 949 faber,
1271 894 1393 953 qua
1422 894 1607 938 nemo
1636 879 1881 940 sederet

435 975 559 1049 Qui
588 975 774 1035 docet
801 972 1050 1052 obliquo
1074 973 1278 1031 lanam
1311 972 1619 1034 deducere
1647 974 1843 1051 ferr03

433 1071 790 1132 Dummodo
818 1090 943 1130 non
971 1078 1185 1150 pereat
1215 1068 1483 1130 totidem
1516 1072 1790 1133 olfecisse
1821 1074 2101 1134 lucernas

436 1171 608 1244 Quot
636 1168 884 1229 stabant
910 1166 1102 1247 pueri,
1134 1187 1326 1246 quum
1354 1177 1528 1229 totus
1557 1169 1805 1230 decolor
1831 1179 1993 1231 esset

434 1269 694 1328 Flaccus
723 1274 787 1325 et
814 1265 1097 1324 haereret
1127 1265 1306 1344 nigro
1337 1265 1535 1346 fuligo
1561 1265 1823 1327 Maroni.

435 1365 604 1425 Rara
630 1373 841 1424 tamen
867 1380 1103 1422 merces
1134 1382 1292 1442 quae
1324 1363 1677 1442 cognitione
1705 1364 1937 1424 tribuni

435 1462 584 1522 Non
612 1469 812 1543 egeat.
894 1459 1022 1520 Sed
1050 1478 1162 1520 vos
1189 1479 1407 1520 saevas
1432 1460 1733 1540 imponite
1759 1461 1946 1541 leges,

435 1559 534 1620 Ut
560 1557 944 1639 praeceptori
974 1557 1300 1617 verborum
1327 1558 1541 1637 regula
1567 1567 1828 1632 constet,

437 1655 534 1717 Ut
561 1657 730 1737 legat
757 1654 1064 1728 historias,
1096 1664 1378 1714 auctores
1406 1654 1651 1714 noverit
1679 1674 1909 1729 omne&

436 1754 761 1833 Tanquam
789 1771 1028 1833 ungues
1057 1751 1406 1831 digitosque
1434 1770 1607 1826 suos3
1649 1761 1720 1813 ut
1747 1752 1905 1812 forte
1932 1761 2202 1832 rogatae,

437 1850 608 1911 Dum
637 1850 795 1930 petit
824 1859 933 1910 aut
960 1850 1233 1910 thermas
1264 1858 1372 1908 aut
1402 1847 1644 1909 Phoebi
1671 1850 1907 1924 balnea,
1937 1850 2105 1910 dicat

436 1948 764 2008 Nutricem
789 1947 1120 2021 Anchisae,
1152 1965 1380 2006 nomen
1409 1945 1792 2025 patriamque
1825 1966 2125 2007 novercae

435 2044 819 2118 Archemori,
848 2044 1015 2104 dicat
1043 2052 1197 2123 quot
1229 2042 1493 2102 Acestes
1522 2041 1748 2102 vixerit
1776 2062 1985 2117 annOS,

439 2142 611 2215 Quot
640 2141 884 2202 Siculus
913 2139 1266 2219 Phrygibus
1301 2136 1427 2198 vini
1462 2138 1787 2199 donaverit
1814 2160 2017 2201 urnas.

437 2240 689 2320 Exigite
719 2250 789 2299 ut
816 2256 1017 2299 mores
1046 2247 1291 2297 teneros
1324 2256 1439 2297 ceu
1470 2237 1693 2317 pollice
1723 2237 1928 2312 ducat,

440 2336 536 2398 Ut
564 2337 614 2397 si
643 2336 778 2417 quis
807 2354 945 2396 cera
973 2335 1216 2396 vultum
1248 2334 1433 2408 facit3
1482 2333 1714 2412 exigite
1744 2343 1816 2395 ut
1845 2334 1927 2396 sit

438 2434 524 2496 Et
550 2444 729 2515 pater
754 2434 943 2514 ipsius
971 2444 1200 2507 coetus,
1228 2454 1308 2494 ne
1337 2432 1543 2512 turpia
1571 2430 1808 2505 ludant,

439 2532 540 2593 Ne
566 2532 795 2592 faciant
821 2532 1076 2593 vicibus.
1161 2541 1195 2570 “
1216 2531 1366 2592 Non
1398 2539 1493 2591 est
1525 2530 1662 2589 leve
1695 2536 1793 2589 tot
1820 2548 2149 2609 puerorum

440 2633 790 2693 Observare
808 2653 1027 2692 manus
1056 2634 1385 2713 oculosque
1413 2634 1477 2691 in
1505 2630 1630 2689 fine
1662 2625 2049 2687 trementes.”

440 2740 474 2769 “
493 2730 717 2806 Haec,”
747 2730 966 2810 inquit,
996 2736 1029 2766 “
1049 2750 1223 2790 cures
1251 2739 1317 2789 et
1345 2747 1536 2808 quum
1565 2746 1630 2786 se
1660 2723 1918 2785 verterit
1947 2742 2143 2783 annus

440 2827 674 2906 Accipe
702 2825 926 2889 victori
951 2827 1217 2907 populus
1245 2825 1412 2906 quod
1442 2823 1719 2905 postulat
1751 2818 2023 2882 aurum.”

2346 601 2440 645 220

2343 1084 2438 1130 225

2348 1571 2443 1617 230

2349 2058 2446 2103 235

2352 2544 2445 2590 24⁰
