2734 4017
1141 226 1416 277 SATIBA
1466 227 1576 275 111.

1102 898 1434 963 SATIRA
1484 898 1607 963 111.

518 1081 869 1150 UAMVIS
899 1080 1180 1163 digressu
1205 1078 1438 1141 veteris
1464 1078 1754 1140 confusus
1779 1075 1979 1155 amici,

573 1181 793 1243 Laudo
820 1190 1032 1241 tamen
1058 1177 1270 1240 vacuis
1298 1176 1468 1258 quod
1496 1177 1709 1237 sedem
1734 1175 1924 1256 figere
1954 1176 2169 1241 Cumis

347 1278 642 1341 Destinet
671 1286 856 1358 atque
886 1297 1079 1338 unum
1105 1275 1307 1337 civem
1335 1273 1570 1335 donare
1600 1273 1890 1352 Sibyllae.

347 1375 391 1437 J
392 1395 554 1436 anua
581 1375 874 1435 Baiarum
902 1386 998 1437 est
1024 1383 1091 1436 et
1116 1384 1366 1455 gratum
1393 1371 1543 1433 litus
1570 1371 1815 1432 amoeni

352 1472 656 1536 Secessus.
738 1472 878 1552 Ego
904 1473 1006 1532 vel
1033 1471 1415 1552 Prochytam
1439 1487 1755 1550 praepono
1784 1469 2109 1531 Saburrae.

349 1569 518 1630 Nam
544 1569 696 1649 quid
723 1578 855 1630 tam
880 1568 1190 1644 miserum,
1218 1577 1349 1638 tam
1376 1567 1578 1629 solum
1605 1564 1893 1641 vidimus,
1923 1574 1996 1627 ut
2023 1585 2150 1628 non

351 1665 643 1727 Deterius
669 1666 883 1727 credas
910 1666 1158 1726 horrere
1187 1664 1493 1741 incendia,
1518 1664 1729 1746 lapsus

351 1762 689 1824 Tectorum
717 1763 994 1823 assiduos
1023 1781 1095 1823 ac
1120 1762 1289 1823 mille
1316 1761 1591 1843 pericula
1615 1780 1838 1824 saevae

352 1859 544 1922 Urbis
570 1868 637 1920 et
665 1858 953 1940 Augusto
981 1859 1314 1920 recitantes
1339 1878 1552 1920 mense
1580 1869 1799 1940 poetas
1815 1859 1845 1919 P

433 1956 560 2020 Sed
587 1956 740 2017 dum
764 1965 902 2018 tota
929 1956 1150 2017 domus
1176 1956 1370 2017 rheda
1396 1958 1787 2038 componitur
1813 1975 1954 2033 una,

354 2053 648 2114 Substitit
677 2052 757 2113 ad
782 2062 1024 2114 veteres
1052 2072 1228 2113 arcus
1255 2053 1693 2135 madidamque
1725 2055 2058 2135 Capenam.

353 2150 493 2225 Hic,
522 2151 626 2211 ubi
655 2158 993 2211 nocturnae
1021 2150 1234 2211 Numa
1261 2150 1682 2213 constituebat
1710 2152 1961 2226 amicae,

352 2247 543 2308 Nunc
570 2247 728 2308 sacri
755 2246 943 2308 fontis
971 2247 1189 2308 nemus
1217 2256 1282 2309 et
1310 2248 1570 2311 delubra
1596 2251 1881 2311 locantur

349 2345 394 2406 J
395 2345 626 2419 udaeis,
653 2365 918 2425 quorum
945 2345 1243 2426 cophinus
1269 2346 1646 2428 foenumque
1673 2348 1970 2427 supellex.

354 2442 575 2504 Omnis
602 2442 768 2503 enim
793 2443 1025 2522 populo
1053 2444 1403 2505 mercedem
1430 2445 1700 2525 pendere
1730 2445 1907 2526 jussa
1933 2452 2032 2505 est

351 2539 576 2614 Arbor,
604 2549 670 2600 et
697 2539 912 2620 ejectis
939 2527 1252 2601 mendicat
1279 2541 1437 2602 silva
1464 2541 1779 2604 Camenis.

352 2636 432 2697 In
461 2636 685 2698 vallem
711 2636 1019 2717 Aegeriae
1049 2637 1481 2699 descendimus
1510 2646 1576 2698 et
1602 2638 1926 2719 speluncas

354 2733 705 2796 Dissimiles
733 2733 911 2793 veris.
995 2733 1250 2806 Quanto
1277 2735 1694 2816 praestantius
1723 2744 1887 2797 esset

353 2829 608 2890 Numen
635 2849 847 2910 aquae,
875 2829 1061 2892 viridi
1089 2831 1140 2892 si
1167 2831 1444 2911 margine
1473 2832 1790 2895 clauderet
1815 2832 2016 2894 undas

353 2926 568 2986 Herba
593 2946 710 2987 nec
735 2926 1078 3008 ingenuum
1105 2927 1411 2989 violarent
1437 2947 1745 2990 marmora
1770 2931 2049 3009 tophum.

354 3024 479 3084 Hic
506 3033 656 3084 tunc
681 3022 1060 3100 Umbricius,
1089 3024 1358 3098 Quando
1388 3026 1640 3101 artibus,
1667 3025 1887 3107 inquit,
1915 3027 2190 3089 honestis

354 3120 582 3181 Nullus
607 3121 672 3182 in
701 3121 879 3185 Urbe
905 3122 1094 3197 locuS,
1124 3124 1295 3183 nulla
1321 3124 1742 3185 emolumenta
1767 3124 2063 3197 laborum,

354 3218 483 3279 Res
509 3219 694 3281 hodie
722 3220 925 3280 minor
951 3229 1046 3280 est
1072 3220 1220 3281 here
1248 3240 1432 3300 quam
1459 3221 1593 3295 fuit,
1623 3230 1808 3301 atque
1837 3220 2057 3281 eadem
2084 3240 2217 3282 cras

352 3315 616 3378 Deteret
645 3316 884 3397 exiguis
911 3318 1160 3397 aliquid,
1187 3318 1586 3397 proponimus
1614 3318 1763 3380 illuc

354 3412 454 3476 Ire
484 3413 774 3511 fatigatas
801 3413 908 3474 ubi
933 3413 1249 3474 Daedalus
1277 3414 1451 3475 exuit
1477 3414 1623 3489 alas,

2311 1969 2373 2016 1⁰

2311 2458 2373 2504 15

2305 2944 2371 2990 2⁰

2302 3427 2367 3474 25
