2734 4017
378 251 463 315 44
988 270 1058 315 D.
1091 270 1296 317 ,mun
1340 270 1753 319 ,IUVENALIs

376 434 663 496 Electrae
694 436 922 517 jugulo
950 456 1016 497 se
1042 438 1265 516 polluit
1293 446 1403 499 aut
1432 437 1722 518 Spartani

378 533 692 613 Sanguine
722 534 1032 614 conjugii3
1075 535 1260 596 nullis
1290 535 1536 596 aconita
1562 536 1920 615 propinquis

375 629 648 706 Miscuit,
673 631 740 690 in
770 651 954 691 scena
980 651 1296 713 nunquam
1325 633 1605 694 cantavit
1634 632 1921 708 Orestes3

376 727 601 788 Troica
628 749 753 788 non
782 728 1042 807 scripsit.
1125 727 1296 800 Quid
1323 731 1491 790 enim
1516 729 1854 810 Verginius
1882 730 2066 791 armis

376 823 613 886 Debuit
641 824 853 885 ulcisci
879 825 1091 904 magis,
1119 835 1225 887 aut
1254 822 1397 887 cum
1423 826 1690 887 Vindice
1718 825 1917 886 Galba
1935 827 1965 886 ⁴?

377 920 546 993 Quid
576 921 747 982 Nero
776 931 905 981 tam
932 941 1116 983 saeva
1143 924 1454 1003 crudaque
1481 915 1815 1003 tyrannide
1842 922 1991 984 fecit
2008 923 2040 983 ‘1’

376 1018 552 1079 Haec
581 1038 767 1098 opera
794 1028 980 1098 atque
1010 1021 1124 1078 hae
1154 1028 1298 1081 sunt
1325 1019 1610 1100 generosi
1640 1020 1945 1101 Principis
1974 1031 2154 1097 artes,

378 1114 725 1176 Gaudentis
752 1114 934 1176 foedo
962 1117 1286 1196 peregrina
1314 1117 1394 1177 ad
1423 1117 1665 1197 pulpita
1693 1125 1879 1180 cantu

377 1212 683 1274 Prostitui
710 1212 1052 1293 Graiaeque
1081 1213 1290 1293 apium
1316 1214 1612 1275 meruisse
1641 1233 1919 1276 coronae.

376 1313 687 1393 Majorum
716 1309 946 1391 effigies
974 1310 1243 1371 habeant
1269 1310 1537 1392 insignia
1564 1311 1770 1374 vocis:

376 1414 549 1474 Ante
576 1412 767 1492 pedes
793 1408 1035 1471 Domiti
1062 1409 1320 1489 longum
1344 1418 1416 1470 tu
1445 1430 1607 1491 pone
1635 1410 1948 1491 Thyestae

379 1511 601 1592 Syrma
628 1510 731 1571 vel
758 1509 1131 1590 Antigones,
1160 1518 1233 1569 tu
1258 1528 1586 1589 personam
1614 1508 2019 1590 Menalippes,

376 1608 465 1669 Et
492 1609 570 1669 de
599 1627 940 1668 marmoreo
968 1606 1267 1667 citharam
1295 1607 1602 1687 suspende
1632 1610 1885 1669 colosso,

458 1708 644 1782 Quid,
674 1707 960 1783 Catilina,
990 1707 1114 1768 tuis
1143 1708 1452 1768 natalibus
1482 1716 1666 1787 atque
1698 1708 1962 1787 Cethegi

377 1804 665 1869 Inveniet
692 1806 1015 1887 quisquam
1043 1805 1362 1867 sublimius
1378 1805 1408 1864 ἰ’
1492 1804 1689 1865 Arma
1716 1814 1923 1865 tamen
1955 1824 2066 1866 vos

376 1903 701 1966 Nocturna
728 1914 794 1965 et
820 1905 1098 1965 flammas
1125 1904 1410 1964 domibus
1436 1904 1804 1984 templisque
1831 1904 2108 1984 parastis,

375 2001 474 2064 Ut
500 2001 939 2062 Braccatorum
970 2001 1144 2082 pueri
1174 2000 1613 2081 Senonumque
1641 2001 1925 2077 minores,

375 2099 534 2159 Ausi
562 2100 730 2180 quod
758 2100 943 2161 liceat
972 2100 1184 2161 tunica
1210 2098 1431 2180 punire
1460 2100 1738 2160 molesta.

378 2196 504 2257 Sed
532 2198 753 2278 vigilat
783 2198 1014 2260 Consul
1043 2197 1387 2276 vexillaque
1415 2207 1623 2258 vestra
1651 2206 1909 2258 coercet.

377 2293 502 2354 Hic
530 2316 730 2357 novus
757 2294 1043 2375 Arpinas,
1071 2295 1359 2375 ignobilis
1390 2305 1453 2357 et
1481 2295 1669 2355 modo
1699 2293 1938 2356 Romae

377 2390 770 2473 Municipalis
796 2393 1021 2474 Eques,
1049 2394 1359 2474 galeatum
1390 2393 1570 2474 ponit
1598 2393 1825 2472 ubique

260 2479 263 2482 ¹
377 2488 766 2550 Praesidium
795 2492 1075 2552 attonitis
1105 2500 1169 2553 et
1195 2491 1260 2551 in
1290 2491 1459 2551 omni
1488 2500 1675 2571 gente
1704 2491 1959 2551 laborat.

377 2585 650 2649 Tantum
679 2589 871 2668 igitur
897 2609 1105 2650 muros
1130 2589 1294 2650 intra
1321 2598 1473 2668 toga
1500 2589 1764 2648 contulit
1791 2589 1879 2648 illi

377 2683 664 2745 Nominis
693 2696 757 2747 et
777 2687 961 2760 tituli,
990 2697 1288 2766 quantum
1318 2708 1444 2746 non
1473 2684 1775 2760 Leucade,
1806 2695 2103 2766 quantum

376 2780 728 2852 Thessaliae
758 2783 988 2863 campis
1018 2782 1316 2844 Octavius
1346 2783 1602 2843 abstulit
1633 2782 1757 2843 udo

376 2877 685 2939 Caedibus
714 2879 972 2939 assiduis
999 2879 1223 2958 gladio,
1308 2879 1431 2940 Sed
1461 2878 1665 2938 Roma
1691 2887 2024 2959 parentem,

375 2972 579 3034 Roma
605 2974 858 3036 Patrem
885 2974 1133 3036 Patriae
1165 2976 1527 3038 Ciceronem
1555 2976 1746 3036 libera
1773 2977 1950 3039 dixit.

376 3069 645 3151 Arpinas
673 3072 826 3133 alius
855 3072 1226 3133 Volscorum
1252 3073 1318 3134 in
1346 3082 1561 3133 monte
1589 3074 1829 3133 solebat

374 3166 640 3229 Poscere
665 3170 983 3230 mercedes
1013 3170 1212 3231 alieno
1237 3171 1435 3230 lassus
1466 3178 1707 3245 aratr03

374 3266 697 3328 Nodosam
722 3275 864 3346 post
890 3268 1044 3327 haec
1069 3268 1395 3348 frangebat
1422 3268 1653 3327 vertice
1682 3268 1892 3344 vitem,

377 3364 444 3425 Si
471 3365 676 3425 lentus
702 3365 880 3445 pigra
906 3367 1174 3428 muniret
1204 3375 1405 3427 castra
1435 3365 1705 3426 dolabra.

375 3460 497 3521 Hic
526 3471 733 3521 tamen
763 3472 827 3523 et
859 3462 1140 3524 Cimbros
1169 3474 1234 3523 et
1262 3482 1504 3522 summa
1530 3462 1802 3541 pericula
1830 3485 2033 3524 rerum

2288 1133 2385 1179 225

2286 1622 2386 1669 230

2286 2114 2385 2161 235

2286 2603 2384 2649 240

2285 3088 2381 3135 245
