2734 4017
353 220 435 284 10
968 235 1041 283 1).
1088 234 1295 284 amm
1337 230 1755 282 ,Jovmuuxs

348 403 614 465 Miratur
638 421 860 463 vocem
885 410 1229 483 angustam,
1258 420 1382 482 qua
1408 398 1681 461 deterius
1707 417 1825 459 nec

350 499 464 561 Ille
493 509 671 561 sonat
699 518 823 578 quo
852 497 1173 559 mordetur
1198 498 1431 578 gallina
1456 496 1698 556 marito.

352 600 525 658 Haec
552 596 767 657 eadem
794 594 940 655 licet
967 604 1033 655 et
1061 594 1238 655 nobis
1264 594 1552 666 laudare3
1592 591 1703 653 sed
1727 590 1851 652 illis

354 693 658 756 Creditur.
738 692 846 752 An
871 690 1091 752 melior
1118 709 1311 770 quum
1339 689 1584 749 Thaida
1610 688 1893 762 sustinet,
1919 696 2027 748 aut
2055 706 2245 768 quum

354 789 635 852 Uxorem
663 790 994 852 comoedus
1024 787 1157 868 agit
1184 787 1287 848 vel
1317 785 1558 847 Dorida
1584 785 1756 845 nullo

355 888 604 950 Cultam
631 888 879 968 palliolo
898 887 928 947 P
1009 885 1235 946 Mulier
1263 903 1486 964 nempe
1514 882 1646 963 ipsa
1672 882 1923 944 videtur

290 998 327 1162 ζ
353 984 412 1043 N
421 1004 503 1044 on
530 1003 792 1065 persona
818 984 1019 1065 loqui:
1061 1001 1258 1045 vacua
1285 989 1351 1041 et
1380 982 1564 1062 plana
1591 979 1800 1041 omnia
1826 978 1999 1041 dicas

356 1080 525 1142 Infra
550 1081 961 1143 ventriculum
988 1089 1053 1142 et
1080 1079 1255 1141 tenui
1285 1076 1584 1139 distantia
1612 1075 1783 1136 rima.

356 1177 422 1237 N
423 1197 495 1238 eo
521 1187 730 1239 tamen
757 1178 1125 1253 Antiochus,
1152 1197 1267 1238 nec
1295 1176 1413 1236 erit
1440 1172 1735 1235 mirabilis
1764 1172 1892 1234 illic

357 1275 494 1337 Aut
523 1274 858 1337 Stratocles
887 1284 996 1336 aut
1022 1295 1163 1337 cum
1191 1274 1361 1336 molli
1392 1270 1750 1334 Demetrius
1779 1268 2055 1330 Haemo:

357 1371 553 1433 Natio
581 1373 877 1432 comoeda
903 1381 1015 1433 est.
1095 1371 1305 1447 Rides,
1334 1370 1565 1450 majore
1595 1366 1898 1429 cachinno

361 1469 764 1544 concutitur3
801 1470 912 1530 flet
938 1469 990 1530 si
1019 1469 1295 1530 lacrimas
1322 1466 1648 1548 conspexit
1675 1463 1875 1537 amici,

360 1566 500 1627 Nec
526 1566 734 1641 dolet3
775 1565 1112 1647 igniculum
1138 1567 1393 1627 brumae
1421 1565 1471 1626 si
1497 1575 1778 1644 tempore
1807 1580 2042 1642 poscas,

362 1662 613 1742 Accipit
641 1663 1097 1739 endromidem3
1138 1656 1192 1724 si
1219 1662 1466 1738 dixeris,
1493 1671 1726 1735 aestuo,
1755 1660 1956 1721 sudat.

362 1759 513 1821 Non
540 1779 750 1820 sumus
777 1779 926 1840 ergo
953 1778 1168 1839 pares3
1210 1760 1427 1821 melior
1454 1759 1562 1841 qui
1588 1779 1831 1840 semper
1859 1767 1924 1821 et
1953 1755 2124 1820 omni

363 1857 570 1919 Nocte
598 1856 819 1937 dieque
845 1867 1054 1938 potest
1083 1859 1351 1919 alienum
1380 1878 1621 1920 sumere
1649 1859 1915 1934 vultum,

365 1954 426 2014 A
455 1954 608 2016 faeie
638 1954 877 2035 jactare
903 1974 1139 2030 manu8‚
1168 1955 1421 2017 laudare
1449 1966 1699 2038 paratus

320 2051 436 2194 Ἀεὶ
464 2053 620 2113 bene
646 2051 928 2126 ructavit,
956 2052 1008 2112 si
1035 2063 1274 2113 rectum
1300 2053 1527 2114 minxit
1555 2054 1803 2130 amicus,

370 2148 438 2209 Si
465 2149 650 2209 trulla
675 2148 921 2210 inverso
949 2148 1250 2229 crepitum
1279 2149 1455 2211 dedit
1485 2170 1669 2211 aurea
1694 2151 1905 2213 fundo·

368 2244 699 2306 Praeterea
725 2256 1006 2306 sanctum
1034 2246 1185 2306 nihil
1213 2256 1309 2308 est
1337 2256 1402 2308 et
1428 2248 1505 2308 ab
1534 2247 1787 2328 inguine
1814 2256 2064 2309 tutum:

311 2353 323 2447 f
367 2341 516 2402 Non
544 2351 826 2403 matrona
851 2340 1043 2417 Laris,
1071 2364 1196 2404 non
1222 2343 1350 2403 filia
1376 2344 1572 2425 virgo,
1603 2365 1802 2426 neque
1830 2345 1962 2424 ipse

314 2577 322 2704 l

372 2438 645 2519 Sponsus
671 2439 825 2500 levis
851 2439 1070 2515 adhuc,
1097 2461 1224 2502 non
1251 2440 1413 2502 filius
1442 2452 1587 2503 ante
1615 2442 1897 2523 pudicus.

369 2535 611 2597 Horum
639 2535 690 2596 si
717 2536 870 2597 nihil
896 2546 1008 2611 est,
1037 2538 1239 2599 aviam
1265 2540 1586 2620 resupinat
1614 2538 1812 2599 amici.

342 2651 357 2670 f
372 2632 540 2693 Scire
569 2634 788 2695 volunt
814 2644 1050 2695 secreta
1077 2635 1296 2697 domus
1327 2647 1515 2717 atque
1538 2636 1684 2696 inde
1712 2633 1936 2696 timeri.

331 2702 385 2758 f
368 2728 455 2791 Et
481 2729 772 2811 quoniam
797 2730 1001 2810 eoepit
1029 2732 1405 2793 Graecorum
1432 2732 1684 2806 menti0‚
1713 2730 1906 2792 transi

371 2826 706 2907 Gymnasia
733 2836 920 2906 atque
947 2828 1094 2888 audi
1120 2828 1354 2889 facinus
1382 2828 1630 2907 majoris
1658 2828 1915 2889 abollae.

372 2923 615 2984 Stoicus
641 2923 869 2984 occidit
897 2924 1176 2998 Baream,
1206 2924 1449 2984 delator
1475 2924 1743 2985 amicum

368 3019 876 3100 Discipulumque
906 3040 1112 3092 senex,
1140 3020 1274 3101 ripa
1300 3020 1571 3081 nutritus
1597 3021 1659 3081 in
1690 3021 1797 3081 illa

369 3116 476 3177 Ad
505 3137 688 3197 quam
716 3117 1031 3198 Gorgonei
1060 3117 1311 3196 delapsa
1337 3126 1434 3177 est
1459 3118 1650 3197 pinna
1677 3118 1915 3180 caballi.

370 3214 436 3274 N
438 3235 519 3274 on
546 3223 642 3275 est
671 3214 956 3275 Romano
985 3214 1270 3293 cuiquam
1296 3213 1467 3274 loeus
1495 3215 1613 3288 hic,
1641 3215 1748 3275 ubi
1774 3225 1992 3295 regnat

371 3309 758 3391 Protogenes
787 3310 1005 3390 aliquis
1032 3310 1133 3370 vel
1160 3309 1451 3390 Diphilus
1479 3320 1587 3371 aut
1616 3311 2007 3386 Hermarcus,

372 3405 498 3478 Qui
526 3408 734 3490 gentis
760 3407 915 3470 vitio
944 3426 1263 3488 nunquam
1287 3406 1556 3489 partitur
1582 3406 1866 3482 amicum,

2277 1379 2372 1427 100

2281 1869 2374 1917 105

2285 2357 2380 2405 110

2289 2844 2383 2891 115

2291 3327 2383 3373 120
