2734 4017
1169 194 1439 244 ΒΑΤΙΒΑ
1496 194 1630 242 ΧΠ.
2317 176 2399 243 67

365 365 415 426 1
446 384 618 427 nunc
648 373 715 424 et
742 361 948 423 ventis
976 360 1244 423 animam
1272 361 1593 423 committe
1621 360 1838 423 dolato

372 462 674 524 Confisus
704 459 894 540 ligno,
923 458 1136 539 digitis
1164 477 1202 519 a
1230 468 1431 519 morte
1459 467 1733 519 remotus

373 560 676 633 Quatuor
703 566 811 617 aut
841 566 1099 635 septem,
1127 555 1178 615 si
1206 555 1287 617 sit
1314 555 1613 616 latissima
1638 555 1842 616 taeda.

376 658 540 717 Mox
568 676 711 717 cum
738 652 1014 715 reticulis
1044 660 1109 712 et
1138 671 1296 731 pane
1326 660 1391 712 et
1419 659 1637 712 ventre
1664 652 1923 733 lagenae
2340 666 2405 713 6⁰

381 754 616 834 Aspice
644 751 975 814 sumendas
1005 748 1069 809 in
1100 757 1473 828 tempestate
1502 768 1764 810 secures.

384 853 515 913 Sed
542 861 871 933 postquam
900 848 1101 930 jacuit
1131 847 1388 927 planum
1415 865 1603 919 mare,
1629 856 1913 926 tempora
1936 857 2268 929 postquam

382 948 695 1028 Prospera
721 945 986 1009 vectoris
1014 945 1333 1024 fatumque
1363 942 1672 1003 valentius
1700 941 1872 1004 Euro

382 1045 472 1106 Et
500 1046 740 1125 pelago,
767 1053 1096 1125 postquam
1124 1042 1360 1103 Parcae
1395 1039 1649 1101 meliora
1673 1039 1945 1120 benigna

383 1143 595 1203 Pensa
622 1162 808 1202 manu
837 1142 1075 1202 ducunt
1100 1140 1326 1200 hilares
1356 1147 1423 1199 et
1455 1136 1736 1198 staminis
1764 1138 1888 1199 albi
2339 1154 2404 1200 65

382 1239 715 1312 Lanificae,
739 1238 987 1298 modica
1012 1258 1126 1299 nec
1153 1238 1422 1298 multum
1454 1234 1672 1296 fortior
1699 1253 1849 1295 aura

383 1337 637 1399 Ventus
665 1338 859 1411 adest,
888 1336 1057 1416 inopi
1085 1335 1445 1396 miserabilis
1476 1344 1610 1395 arte
1640 1333 1911 1394 cucurrit

385 1434 687 1496 Vestibus
716 1434 987 1496 extentis
1015 1443 1097 1508 et,
1127 1434 1294 1513 quod
1324 1439 1724 1513 superaverat
1754 1450 1962 1506 unum,

386 1532 555 1593 Velo
581 1552 764 1612 prora
789 1551 920 1592 suo.
997 1531 1043 1593 J
1046 1551 1144 1590 am
1171 1529 1604 1591 deficientibus
1631 1527 1884 1590 Austris

390 1631 550 1710 Spes
576 1630 742 1690 vitae
773 1649 913 1690 cum
941 1629 1069 1689 sole
1095 1628 1292 1689 redit:
1337 1637 1475 1688 tum
1500 1636 1717 1709 gratus
1746 1625 1906 1702 Iulo,
2340 1641 2405 1688 70

385 1729 599 1808 Atque
628 1727 938 1787 novercali
965 1726 1141 1787 sedes
1170 1725 1445 1805 praelata
1471 1724 1731 1800 Lavin0,

387 1824 785 1905 Conspicitur
811 1823 1089 1884 sublimis
1117 1842 1291 1903 apex,
1321 1823 1421 1884 cui
1449 1824 1717 1884 candida
1745 1843 1974 1886 nomen

387 1921 604 1982 Scrofa
631 1920 823 1994 dedit,
850 1920 1028 1981 laetis
1055 1920 1412 2001 Phrygibus
1441 1921 1719 1981 mirabile
1752 1942 1987 1997 sumen,

382 2018 472 2079 Et
498 2038 814 2099 nunquam
841 2018 988 2080 visis
1014 2018 1272 2098 triginta
1300 2019 1465 2079 clara
1491 2019 1797 2081 mamillis,

383 2115 668 2176 Tandem
694 2115 887 2176 intrat
913 2115 1146 2195 positas
1172 2115 1409 2177 inclusa
1436 2136 1548 2195 per
1577 2136 1846 2198 aequora
1873 2119 2068 2180 moles
2339 2135 2401 2182 75

384 2213 892 2292 Tyrrhenamque
921 2212 1169 2271 Pharon
1197 2224 1604 2293 porrectaque
1633 2214 1884 2275 brachia
1910 2236 2170 2291 rursum,

386 2309 562 2382 Quae
590 2308 813 2389 pelago
843 2319 1171 2370 occurrunt
1198 2311 1404 2371 medio
1435 2312 1743 2394 longeque
1773 2314 2131 2393 relinquunt

382 2406 632 2468 Italiam
649 2440 729 2452 —-
745 2427 871 2467 non
900 2406 986 2467 sic
1015 2407 1205 2487 igitur
1232 2409 1534 2471 mirabere
1563 2422 1780 2492 portus

383 2504 557 2577 Quos
583 2515 805 2566 natura
831 2505 1103 2565 dedit—
1119 2507 1223 2567 sed
1256 2516 1480 2569 trunca
1507 2530 1715 2590 puppe
1742 2508 2039 2588 magister

380 2600 685 2662 Interiora
710 2602 868 2682 petit
894 2602 1164 2663 Baianae
1196 2606 1413 2686 pervia
1444 2607 1700 2686 cymbae
2341 2622 2401 2668 80

380 2698 532 2760 Tuti
560 2707 780 2779 stagna
807 2695 989 2774 sinus,
1020 2704 1300 2782 gaudent
1332 2703 1438 2764 ubi
1469 2704 1701 2765 vertice
1728 2722 1867 2763 raso

378 2794 642 2855 Garrula
667 2796 862 2855 securi
889 2816 1137 2860 narrare
1170 2801 1443 2880 pericula
1472 2810 1729 2874 nautae,

378 2895 476 2952 Ite
505 2891 711 2972 igitur,
739 2895 927 2972 pueri,
963 2895 1190 2977 linguis
1222 2898 1562 2977 animisque
1589 2899 1887 2972 faventes,

380 2989 679 3070 Sertaque
709 2990 980 3054 delubris
1013 3005 1077 3056 et
1105 2995 1266 3054 farra
1292 2994 1594 3074 imponite
1624 2994 1837 3055 cultris

375 3088 475 3148 Ac
503 3088 719 3148 molles
751 3100 969 3150 ornate
999 3091 1168 3151 focos
1197 3092 1566 3171 glebamque
1596 3091 1917 3152 virentem.
2336 3103 2399 3148 85

374 3182 420 3244 J
420 3203 520 3244 am
548 3205 770 3267 sequar
802 3197 882 3262 et,
915 3207 1086 3248 sacro
1120 3188 1286 3266 quod
1315 3198 1591 3267 praestat
1618 3188 1736 3247 rite
1764 3197 2034 3267 peracte,

376 3281 533 3344 Inde
566 3286 824 3346 domum
853 3294 1148 3365 repetam,
1176 3286 1437 3364 graciles
1468 3284 1572 3345 ubi
1600 3305 1791 3365 parva
1819 3304 2076 3345 coronas

376 3381 724 3463 Accipiunt
752 3381 957 3462 fragili
984 3380 1309 3441 simulacra
1334 3381 1603 3441 nitentia
1630 3402 1784 3443 cera.
