2734 4017
1104 222 1379 279 stA
1420 217 1579 279 inv.

1082 986 1411 1050 SATIRA
1463 988 1649 1052 XIV.
1674 993 1692 1026 *-

492 1181 848 1247 LURIMA'
870 1192 1036 1259 sunt,
1066 1182 1351 1260 Fuscine,
1380 1193 1446 1245 et
1470 1185 1636 1246 fama
1662 1183 1852 1264 digna
1878 1184 2125 1245 sinistra

544 1281 635 1349 Et,
658 1280 887 1343 nitidis·
900 1272 1209 1343 maculam
1233 1283 1559 1343 haesuram
1585 1280 1842 1362 figentia
1867 1281 2068 1355 rebus,

348 1378 531 1452 Quae
558 1389 910 1441 monstrant
936 1379 1055 1461 ipsi
1083 1378 1289 1460 pueris
1314 1379 1696 1460 traduntque
1721 1389 2027 1459 parentes.

353 1476 427 1537 Si
451 1477 991 1538 damnosasenem
1021 1477 1208 1557 juvat
1235 1477 1390 1552 alea,
1415 1475 1581 1540 ludit
1608 1485 1674 1536 et
1698 1475 1877 1536 heres
1977 1467 1981 1472 ’

351 1572 641 1634 Bullatus
668 1593 985 1655 parvoque
1013 1573 1234 1635 eadem
1261 1583 1478 1635 movet
1504 1591 1677 1633 arma
1702 1572 1934 1633 fritillo.

353 1669 493 1732 Nec
519 1670 740 1731 melius
768 1670 848 1731 de
876 1690 955 1731 se
972 1670 1261 1750 cuiquam
1288 1683 1537 1751 sperare
1564 1668 1909 1751 propinquo

359 1768 678 1830 Concedet
705 1768 976 1849 juvenis,
1004 1769 1114 1849 qui
1140 1768 1358 1828 radere
1386 1768 1610 1828 tubera
1634 1775 1855 1841 terrae,

360 1864 653 1926 Boletum
681 1864 932 1926 condire
959 1874 1028 1926 et
1059 1861 1281 1925 eodem
1309 1863 1468 1944 jure>
1481 1873 1774 1925 natantes

357 1962 640 2044 Mergere
666 1962 963 2024 ficedulas
990 1962 1215 2023 didicit
1240 1962 1551 2023 nebulone
1578 1968 1833 2041 parente

358 2060 444 2122 Et
471 2077 645 2121 cana·
655 2069 1042 2122 monstrante
1068 2060 1236 2140 gula.
1321 2058 1537 2133 Quum
1563 2057 1860 2139 septimus
1879 2077 2087 2121 *annus

358 2157 701 2219 Transierit
726 2177 936 2238 puer0‚
966 2157 1248 2218 nondum
1276 2155 1450 2217 omni
1477 2155 1667 2217 dente
1694 2164 1929 2229 renam,

359 2255 663 2317 Bai-batos
689 2255 836 2317 licet
862 2256 1197 2316 admoveas
1225 2254 1397 2344 mille
1423 2253 1573 2315 inde
1599 2253 1945 2334 magistros,

360 2352 529 2414 Hinc
554 2353 838 2429 totidem,
865 2353 1091 2446 cupiet
1100 2354 1275 2416 lauto
1304 2340 1566 2414 coenare
1594 2361 1816 2436 paratu

363 2450 621 2532 Semper
647 2459 712 2513 et
741 2470 778 2511 a
804 2470 1031 2531 magna
1058 2471 1186 2513 non
1202 2450 1595 2532 degenerare
1626 2450 1847 2511 culina.

362 2548 586 2610 Mitem
613 2547 887 2609 animum
915 2558 982 2610 et
1006 2569 1211 2610 mores
1238 2548 1501 2610 modicis
1529 2548 1838 2609 erroribus
1865 2565 2093 2628 aequos

363 2645 693 2725 Praecipit,
721 2653 909 2726 atque
938 2646 1174 2708 animas
1204 2666 1525 2710 servorum
1553 2656 1619 2708 et
1646 2664 1905 2728 corpora
1929 2654 2143 2707 nostra

364 2742 628 2803 Materia
654 2752 937 2804 constare
963 2753 1146 2823 putat
1173 2745 1545 2826 paribusque
1574 2743 1913 2817 elementis,

363 2839 469 2897 An
498 2838 733 2899 saevire
761 2839 948 2901 docet
974 2838 1246 2917 Rutilus,
1279 2842 1384 2923 qui
1412 2841 1650 2923 gaudet
1677 2841 1899 2904 acerbo

363 2934 700 3016 Plagarum
727 2937 991 3017 strepitu
1021 2948 1088 3000 et
1114 2940 1353 3001 nullam
1384 2940 1601 3002 Sirena
1625 2940 1887 3028 flagellis

365 3032 718 3113 Compara&
746 3029 1127 3116 Antiphates
1156 3037 1383 3117 trepidi
1413 3036 1588 3100 Laris
1617 3058 1689 3100 ac
1717 3021 2157 3118 Polyphemus,

365 3128 529 3188 Tum
554 3129 703 3190 felix
733 3133 979 3213 quoties
1005 3133 1226 3213 aliquis
1253 3144 1491 3195 tortore
1520 3144 1744 3197 vocato

366 3224 590 3287 Uritur
618 3227 863 3290 ardenti
890 3230 1017 3291 duo
1030 3240 1297 3311 *propter
1321 3231 1517 3293 lintea
1543 3232 1703 3293 ferro
1723 3232 1753 3292 ⁴?

365 3321 536 3396 Quid
565 3326 788 3386 suadet
817 3326 1037 3406 juveni
1064 3326 1263 3387 laetus
1290 3327 1556 3389 stridore
1585 3337 1858 3402 catenae,

367 3416 570 3490 Quem
601 3421 753 3481 mire
783 3422 1057 3482 afficiunt
1082 3422 1379 3503 inscripta
1406 3426 1733 3504 ergastula,
1764 3444 1971 3485 carcer

2284 214 2367 281 79

2318 2073 2379 2118 10

2320 2561 2381 2607 15
