2734 4017
1124 216 1397 266 sA'rmA
1439 215 1603 266 xm.
2308 206 2389 273 77

364 384 632 446 Difficili
662 393 977 446 crescente
1007 384 1185 446 cibo:
1227 386 1338 446 secl
1369 386 1515 447 vina
1541 388 1815 449 misellus

368 481 685 563 Exspuit3
725 482 959 543 Albani
987 482 1216 543 veteris
1241 483 1514 563 pretiosa
1540 494 1828 548 senectus

373 578 721 661 Displicet3
764 580 1053 639 ostendas
1083 580 1318 655 melius,
1348 581 1711 643 densissima
1737 602 1893 665 ruga
2295 599 2392 646 215

377 677 647 758 Cogitur
673 676 741 737 in
768 677 1039 737 frontem
1068 679 1241 738 velut
1272 678 1397 738 acri
1427 679 1615 740 ducta
1641 679 1924 741 Falerno,

373 774 587 835 Nocte
613 774 867 834 brevem
893 773 947 834 si
972 774 1132 835 forte
1158 775 1420 836 indulsit
1447 795 1594 836 cura
1621 796 1908 857 soporem

371 876 464 938 Et
492 884 632 937 toto
662 883 910 935 versata
938 884 1077 935 toro
1097 874 1234 955 jam
1263 875 1542 935 membra
1569 877 1910 957 quiescunt,

373 972 698 1037 Continuo
726 972 1025 1051 templum
1058 983 1122 1033 et
1151 972 1367 1032 violati
1397 972 1667 1035 numinis
1694 993 1829 1034 aras

372 1070 480 1146 Et,
511 1070 681 1151 quod
707 1068 1055 1150 praecipuis
1086 1078 1360 1130 mentem
1390 1071 1720 1132 sudoribus
1749 1083 1947 1152 urget,
2294 1087 2390 1135 220

375 1170 469 1231 Te
499 1168 675 1231 videt
702 1167 769 1229 in
800 1165 1067 1242 somnis;
1112 1177 1224 1228 tua
1250 1187 1424 1230 sacra
1451 1180 1516 1230 et
1544 1171 1739 1251 major
1764 1171 1971 1252 imago

373 1270 670 1331 Humana
698 1270 912 1331 turbat
944 1268 1241 1351 pavidum
1270 1271 1561 1352 cogitque
1589 1271 1783 1332 fateri.

372 1370 461 1431 Hi
489 1380 639 1432 sunt
666 1370 773 1451 qui
801 1369 1117 1449 trepidant
1146 1380 1212 1431 et
1239 1371 1320 1430 ad
1347 1372 1557 1431 omnia
1582 1371 1826 1451 fulgura
1852 1370 2106 1451 pallent,

372 1468 588 1543 Quum
616 1477 814 1543 tonat,
843 1468 1157 1529 exanimes
1186 1468 1386 1549 primo
1415 1489 1660 1549 quoque
1688 1488 2001 1529 murmure
2030 1469 2225 1545 caeli3

370 1567 524 1629 Non
553 1567 728 1648 quasi
754 1566 1047 1628 fortuitus
1076 1587 1190 1627 nec
1220 1578 1552 1627 ventorum
1579 1566 1748 1627 rabie
1777 1567 1887 1627 sed
2289 1582 2383 1628 225

368 1667 581 1726 Iratus
608 1665 793 1726 cadat
822 1664 889 1724 in
919 1673 1114 1725 terras
1145 1674 1209 1725 et
1241 1664 1485 1744 judicet
1513 1664 1698 1745 ignis,

371 1763 492 1826 Illa
519 1765 674 1825 nihil
700 1765 933 1838 nocuit,
965 1784 1111 1825 cura
1136 1764 1421 1846 graviore
1450 1764 1707 1825 timetur

370 1862 669 1925 Proxima
696 1871 1052 1942 tempestas,
1080 1862 1255 1923 velut
1283 1862 1404 1923 hoc
1433 1862 1627 1923 dilata
1669 1883 1905 1924 sereno,

372 1960 708 2021 Praeterea
733 1959 942 2021 lateris
970 1959 1145 2040 vigili
1174 1980 1317 2021 cum
1345 1960 1514 2021 febre
1545 1960 1820 2021 dolorem

375 2057 443 2119 Si
471 2077 727 2139 coepere
755 2058 905 2138 pati,
935 2058 1191 2119 missum
1220 2058 1301 2118 ad
1329 2078 1442 2119 sua
1471 2078 1727 2139 corpora
1755 2059 2040 2120 morbum
2288 2074 2385 2122 230

372 2153 609 2217 Infesto
638 2155 903 2217 credunt
933 2175 971 2215 a
998 2157 1290 2232 numine3
1335 2176 1484 2217 saxa
1512 2156 1770 2217 deorum

373 2251 549 2313 Haec
576 2262 642 2314 et
668 2255 797 2315 tela
823 2263 1066 2334 putant.
1152 2254 1471 2316 Pecudem
1501 2254 1806 2334 spondere
1835 2255 2059 2315 sacello

371 2349 699 2411 Balantem
730 2362 795 2413 et
821 2351 1082 2412 Laribus
1114 2352 1363 2413 cristam
1391 2352 1756 2431 promittere
1784 2352 1933 2433 galli

371 2445 521 2510 Non
551 2449 817 2525 audent3
860 2449 1009 2529 quid
1039 2449 1202 2510 enim
1236 2468 1481 2530 sperare
1508 2449 1875 2510 nocentibus
1904 2450 2103 2529 aegris

372 2545 750 2607 Concessum
766 2548 796 2607 ‘1’
837 2548 940 2608 vel
968 2566 1125 2626 quae
1155 2567 1281 2607 non
1312 2546 1560 2628 dignior
1586 2545 1796 2607 hostia
1816 2546 1948 2608 vita
1967 2547 1997 2606 ‘1’
2290 2564 2383 2610 235

368 2640 621 2704 Mobilis
650 2653 714 2704 et
742 2644 913 2706 varia
942 2654 1038 2705 est
1066 2645 1259 2704 ferme
1290 2654 1516 2705 natura
1543 2645 1843 2704 malorum
1874 2662 1888 2704 :

370 2738 581 2812 Quum
610 2743 808 2803 scelus
837 2743 1179 2803 admittunt
1209 2752 1493 2822 superest
1525 2740 1907 2815 constantia3
1950 2740 2098 2821 quid
2128 2740 2216 2801 fiis

367 2838 583 2917 Atque
610 2840 781 2901 nefas
810 2842 1065 2901 tandem
1094 2840 1402 2920 incipiunt
1430 2838 1661 2899 sentire
1688 2838 1955 2919 peractis

369 2936 761 3000 Criminibus.
843 2938 1082 2999 Tamen
1113 2938 1191 2998 ad
1221 2956 1425 2997 mores
1454 2946 1677 2997 natura
1705 2935 1961 2998 recurrit

366 3031 731 3109 Damnate&
763 3037 888 3097 fixa
915 3046 979 3097 et
1007 3034 1236 3096 mutari
1267 3032 1509 3095 nescia:
1554 3053 1699 3094 nam
1729 3032 1866 3114 quis
2286 3046 2379 3092 240

365 3131 684 3194 Peccandi
710 3134 896 3195 finem
925 3132 1132 3213 posuit
1160 3130 1326 3192 sibi?
1369 3129 1618 3211 quando
1648 3130 1882 3210 recepit

366 3227 655 3309 Ejectum
686 3230 874 3292 semel
904 3229 1119 3291 attrita
1145 3229 1224 3289 de
1252 3229 1455 3288 fronte
1483 3228 1771 3289 ruborem
1792 3228 1822 3288 ’τ’

369 3325 675 3399 Quisnam
700 3327 1024 3389 hominum
1054 3336 1150 3387 est
1178 3344 1363 3407 quem
1393 3334 1462 3385 tu
1492 3334 1861 3387 contentum
1891 3324 2121 3386 videris
2150 3343 2273 3384 uno
