2734 4017
340 201 424 265 88
484 201 495 213 “
976 218 1048 264 D.
1079 218 1288 266 ,mim
1330 216 1753 265 aUvENAms

337 383 588 445 Grande
616 400 839 462 operae
866 384 1136 462 pretium
1163 392 1258 444 est
1284 392 1357 444 ut
1384 392 1565 444 tenso
1591 383 1736 446 folle
1763 373 1992 444 reverti

336 480 494 541 Inde
523 480 779 541 domum
804 480 1020 560 possis,
1046 480 1407 561 tumidaque
1435 480 1735 560 superbus
1762 480 1932 541 aluta

335 576 570 639 Oceani
597 583 873 638 monstra
899 586 965 637 et
993 577 1260 656 juvenes
1289 577 1517 637 vidisse
1544 576 1832 637 marinos.

335 673 484 736 Non
511 694 673 735 unus
698 681 940 734 mentes
968 674 1166 752 agitat
1191 674 1379 735 furor.
1463 673 1579 733 Ille
1607 672 1832 734 sororis

334 773 411 830 In
436 770 721 830 manibus
747 769 928 830 vultu
954 768 1374 829 Eumenidum
1402 778 1670 831 terretur
1696 779 1761 829 et
1786 769 1938 850 igni,
2247 786 2349 832 285

336 867 459 928 Hic
485 868 645 928 bove
671 886 959 947 percusso
987 866 1228 946 mugire
1258 866 1734 946 Agamemnona
1761 866 1958 927 credit

332 964 471 1026 Aut
497 965 801 1026 Ithacum.
880 963 1110 1024 Parcat
1136 963 1363 1025 tunicis
1391 964 1539 1025 licet
1567 973 1752 1044 atque
1780 964 2058 1040 lacernis,

334 1060 650 1122 Curatoris
678 1070 823 1141 eget
850 1061 954 1140 qui
982 1080 1207 1122 navem
1235 1059 1542 1121 mercibus
1569 1060 1789 1140 implet

331 1157 438 1216 Ad
466 1176 774 1218 summum
800 1158 962 1220 latus
991 1167 1056 1218 et
1083 1157 1299 1218 tabula
1327 1156 1732 1237 distinguitur
1760 1158 1946 1233 unda,

332 1254 542 1327 Quum
570 1255 651 1315 sit
678 1272 863 1316 causa
886 1255 1034 1315 mali
1060 1254 1222 1315 tanti
1251 1262 1317 1315 et
1346 1253 1714 1314 discriminis
1739 1254 1922 1335 hujus
2251 1269 2354 1317 290

333 1351 663 1413 Concisum
694 1360 1018 1431 argentum
1047 1352 1110 1412 in
1139 1351 1357 1412 titulos
1386 1350 1694 1430 faciesque
1723 1351 2013 1413 minutae.

330 1447 682 1509 Occurrunt
710 1448 904 1509 nubes
933 1456 997 1509 et
1022 1449 1302 1529 fulgura3
1346 1455 1382 1485 “
1404 1447 1643 1509 Solvite
1671 1446 1933 1524 funem,”

330 1546 654 1606 Frumenti
683 1545 967 1607 dominus
996 1546 1221 1607 clamat
1249 1546 1554 1627 piperisve
1583 1545 1889 1624 coempti3

331 1649 367 1680 ‘⁴
387 1642 497 1704 Nil
526 1644 694 1704 color
719 1643 820 1704 hic
847 1643 1015 1716 caeli,
1042 1644 1130 1703 nil
1157 1643 1346 1703 fascia
1375 1643 1552 1724 nigra
1577 1642 1889 1719 minatur3

328 1739 661 1801 Aestivum
688 1739 918 1801 tonat.”
999 1739 1225 1800 Infelix
1253 1742 1371 1801 hac
1398 1740 1654 1802 forsitan
1683 1740 1818 1821 ipsa
2247 1757 2347 1804 295

328 1835 537 1898 Nocte
565 1837 746 1898 cadet
773 1837 980 1898 fractis
1008 1837 1299 1911 trabibus,
1329 1838 1645 1919 fluctuque
1673 1846 1990 1917 premetur
2058 1838 2073 1847 ’

329 1933 604 1995 Obrutus
632 1943 697 1995 et
723 1954 940 1994 zonam
968 1934 1145 1994 laeva
1170 1952 1500 2014 morsuque
1528 1936 1786 1997 tenebit.

329 2030 457 2092 Sed
486 2031 660 2111 cujus
687 2031 852 2092 votis
877 2032 1066 2092 modo
1096 2051 1220 2092 non
1249 2032 1575 2093 suffecerat
1604 2052 1823 2094 aurum

329 2126 514 2200 Quod
544 2131 752 2208 Tagus
779 2138 844 2189 et
869 2128 1055 2188 rutila
1082 2128 1282 2189 volvit
1309 2127 1607 2191 Pactolus
1636 2150 1841 2208 arena,

325 2224 584 2305 Frigida
611 2223 913 2285 sufficient
939 2224 1215 2286 velantes
1241 2225 1502 2306 inguina
1529 2229 1720 2306 panni
2248 2245 2347 2293 300

324 2320 727 2402 Exiguusque
756 2321 946 2396 cibus,
973 2341 1175 2383 mersa
1200 2332 1335 2384 rate
1364 2324 1700 2406 naufragus
1730 2343 1929 2389 assem

324 2417 495 2478 Dum
524 2429 704 2500 rogat
733 2428 798 2480 et
823 2420 993 2500 picta
1020 2439 1085 2481 se
1113 2430 1486 2502 tempestate
1515 2433 1743 2485 tuetur.

405 2514 624 2577 Tantis
649 2525 829 2598 parta
853 2516 1029 2578 malis
1057 2537 1204 2579 cura
1229 2518 1465 2600 majore
1495 2530 1790 2602 metuque

326 2613 682 2674 Servantur.
761 2612 991 2675 Misera
1016 2624 1113 2676 est
1138 2618 1352 2698 magni
1382 2619 1665 2679 custodia
1693 2639 1931 2681 censue.

324 2709 657 2789 Dispositis
682 2711 1004 2790 praedives
1032 2714 1230 2775 hamis
1257 2716 1515 2795 vigilare
1545 2718 1866 2779 cohortem
2246 2732 2342 2780 305

324 2806 656 2868 Servorum
683 2818 873 2869 noctu
901 2808 1153 2871 Licinus
1185 2813 1387 2892 jubet,
1417 2813 1718 2875 attonitus
1746 2834 1860 2894 pro

320 2904 572 2965 Electro
598 2904 909 2986 signisque
939 2906 1066 2968 suis
1094 2907 1494 2990 Phrygiaque
1525 2911 1811 2971 columna

317 3002 533 3081 Atque
561 3002 744 3064 ebore
774 3013 841 3065 et
868 3004 996 3065 lata
1015 3006 1350 3067 testudine.
1432 3006 1620 3067 Dolia
1647 3008 1801 3067 nudi

317 3096 465 3157 Non
494 3098 715 3161 ardent
748 3100 1001 3181 Cynici:
1044 3101 1093 3161 si
1121 3102 1393 3182 fregeris,
1423 3103 1617 3164 altera
1642 3104 1752 3164 fiet

319 3195 470 3255 Cras
498 3196 737 3271 domus,
767 3206 876 3257 aut
903 3197 1122 3257 eadem
1148 3199 1404 3277 plumbo
1433 3200 1756 3261 commissa
1784 3202 2076 3263 manebit.
2240 3217 2336 3261 310

318 3290 526 3353 Sensit
556 3294 934 3367 Alexander,
963 3303 1128 3355 testa
1156 3315 1347 3374 quum
1375 3297 1536 3356 vidit
1564 3298 1627 3357 in
1656 3298 1763 3358 illa

319 3388 620 3470 Magnum
645 3391 1080 3466 habitatorem,
1110 3401 1344 3471 quanto
1372 3393 1606 3454 felicior
1631 3395 1732 3455 hic
1761 3395 1867 3476 qui

157 3537 430 3630 “-ffx
