2734 4017
1189 238 1465 287 SATIRA
1515 238 1587 286 V.

379 412 487 489 Et,
513 430 594 472 ne
622 419 689 472 te
715 418 981 483 teneam,
1009 406 1440 469 Romanorum
1464 405 1671 467 omnia
1697 426 1914 486 regum

379 510 650 570 Frivola.
734 506 921 579 Quod
953 525 1146 585 quum
1170 504 1261 564 ita
1289 503 1392 578 sit,
1421 513 1494 564 tu
1521 503 1856 564 Gaetulum
1885 502 2314 582 Ganymedem

380 607 644 688 Respice
674 625 866 687 quum
896 602 1084 664 sities.
1164 600 1388 662 Nescit
1416 610 1514 662 tot
1542 601 1814 661 millibus
1840 611 2087 680 emptus

379 706 764 786 Pauperibus
791 703 1047 763 miscere
1074 719 1264 781 puer:
1306 699 1418 760 sed
1444 700 1659 774 forma,
1688 699 1797 760 sed
1827 709 1997 760 aetas

376 803 587 885 Digna
613 801 957 883 supercilio.
1041 798 1312 870 Quando
1341 797 1424 857 ad
1451 807 1517 858 te
1544 796 1828 877 pervenit
1855 796 1957 858 ille
1978 797 2009 856 P

379 902 646 974 Quando
674 909 931 961 vocatus
959 898 1140 958 adest
1168 895 1403 957 calidae
1431 894 1797 976 gelidaeque
1824 894 2104 956 minister
2121 896 2151 955 ‘1’

378 999 625 1079 Quippe
652 998 1015 1079 indignatur
1045 995 1246 1056 veteri
1273 1013 1491 1075 parcre
1518 991 1749 1067 clienti,

377 1096 685 1175 Quodque
715 1095 945 1176 aliquid
974 1113 1193 1175 poscas
1222 1103 1286 1154 et
1315 1092 1485 1173 quod
1513 1111 1579 1152 se
1608 1100 1811 1151 stante
1839 1089 2176 1151 recumbas.

374 1193 649 1253 Maxima
678 1212 956 1273 quaeque
986 1193 1207 1253 domus
1237 1191 1432 1252 servis
1461 1199 1555 1250 est
1583 1190 1767 1269 plena
1793 1187 2087 1268 superbis.

373 1291 537 1352 Ecce
567 1291 721 1352 alius
749 1301 980 1371 quanto
1007 1290 1283 1370 porrexit
1313 1307 1627 1349 murmure
1656 1306 1881 1368 panem

371 1388 504 1449 Vix
529 1388 812 1463 fractum,
840 1387 1073 1449 solidae
1098 1387 1233 1467 jam
1262 1386 1511 1447 mucida
1539 1385 1732 1445 frusta
1757 1384 2005 1457 farinae,

373 1486 550 1559 Quae
576 1485 914 1566 genuinum
944 1485 1184 1564 agitent
1211 1505 1337 1545 non
1371 1483 1767 1544 admittentia
1793 1500 2105 1542 morsum:

372 1584 496 1644 Sed
526 1594 700 1645 tener
726 1593 792 1644 et
817 1583 1033 1643 niveus
1060 1582 1353 1661 mollique
1383 1580 1628 1661 siligine
1655 1579 1856 1640 factus

372 1682 670 1742 Servatur
699 1680 969 1741 dominc.
1051 1679 1356 1739 Dextram
1389 1678 1672 1739 cohibere
1701 1687 2047 1738 memento:

370 1778 556 1838 Salva
585 1777 666 1838 sit
695 1785 975 1856 artoptae
1004 1776 1369 1836 reverentia.
1453 1775 1653 1855 Finge
1680 1783 1891 1835 tamen
1917 1782 1983 1834 tc

366 1874 813 1954 Improbulum,
843 1882 1120 1953 superest
1144 1873 1274 1933 illic
1303 1873 1409 1953 qui
1436 1892 1668 1954 ponere
1697 1882 1898 1952 cogat.

366 1972 539 2032 “Vis
567 1981 637 2030 tu
669 1970 977 2031 consuetis
1007 1970 1210 2030 audax
1241 1971 1508 2031 conviva
1536 1970 1817 2031 canistris

365 2068 618 2148 Impleri
646 2068 942 2148 panisque
971 2068 1064 2128 tui
1091 2067 1338 2128 novisse
1370 2070 1638 2129 colorem
1658 2068 1688 2128 ⁴?
1710 2067 1828 2115 ”—

367 2173 401 2203 “
425 2166 673 2227 Scilicet
701 2167 819 2226 hoc
845 2166 1046 2225 fuerat
1074 2175 1327 2245 propter
1356 2167 1525 2245 quod
1554 2185 1736 2247 saepe
1764 2167 1981 2228 relicta

367 2263 648 2343 Conjuge
676 2283 787 2342 per
813 2271 1091 2322 montem
1121 2263 1450 2323 adversum
1477 2264 1838 2345 gelidasque
1868 2262 2107 2325 cucurri

363 2361 687 2440 Esquilias,
714 2359 1002 2419 fremeret
1031 2378 1216 2419 saeva
1247 2380 1439 2439 quum
1468 2363 1770 2441 grandine
1798 2381 2024 2423 vernus

361 2459 404 2520 J
408 2458 651 2537 uppiter
678 2467 742 2518 et
771 2458 968 2516 multo
1000 2457 1263 2518 stillaret
1293 2461 1561 2538 paenula
1590 2461 1840 2522 nimbo!
1864 2460 1978 2507 ”—

361 2555 591 2634 Aspice
620 2574 804 2634 quam
832 2554 1018 2634 longo
1049 2553 1367 2616 distendat
1398 2569 1649 2637 pectore
1678 2559 1918 2619 lancem

363 2649 538 2723 Quae
566 2650 759 2711 fertur
786 2649 1036 2710 domino
1068 2650 1306 2729 squilla,
1340 2662 1405 2713 et
1435 2654 1656 2733 quibus
1687 2654 1958 2733 undique
1986 2662 2163 2733 septa

360 2747 713 2826 Asparagi&
742 2766 864 2825 qua
892 2747 1190 2826 despiciat
1223 2750 1513 2812 convivia
1540 2749 1737 2811 cauda

362 2843 573 2915 Quum
600 2844 773 2905 venit
803 2845 1029 2905 excelsi
1061 2848 1347 2909 manibus
1376 2849 1619 2909 sublata
1645 2848 1925 2909 ministri.

363 2942 486 3002 Sed
515 2941 630 3003 tibi
657 2941 913 3003 dimidio
947 2945 1316 3006 constrictus
1346 2965 1690 3006 cammarus
1718 2965 1838 3007 ovo

359 3038 640 3113 Ponitur,
668 3038 893 3119 exigua
922 3040 1127 3101 feralis
1156 3061 1350 3101 coena
1378 3043 1625 3122 patella.

359 3134 500 3213 Ipse
527 3133 886 3196 Venafrano
916 3135 1147 3215 piscem
1175 3137 1525 3216 perfundit:
1567 3147 1632 3198 at
1660 3138 1761 3198 hic
1789 3137 1893 3218 qui

359 3229 638 3291 Pallidus
669 3231 922 3292 affertur
950 3232 1172 3292 misero
1203 3233 1318 3293 tibi
1349 3234 1539 3295 caulis
1568 3236 1759 3296 olebit

358 3327 690 3388 Laternam
714 3349 728 3389 z
771 3328 926 3389 illud
956 3329 1121 3389 enim
1156 3330 1375 3390 vestris
1405 3331 1589 3392 datur
1616 3333 1867 3393 alveolis
1898 3334 2063 3413 quod

361 3424 577 3485 Canna
604 3424 1001 3504 Micipsarum
1030 3446 1212 3506 prora
1240 3427 1530 3488 subvexit
1560 3438 1756 3503 acuta,

2305 219 2391 286 25

2326 614 2392 663 6⁰

2326 1103 2390 1149 65

2323 1591 2386 1638 70

2315 2081 2377 2128 75

2312 2570 2376 2616 80

2310 3060 2374 3108 85
