2734 4017
436 225 522 290 50
1046 243 1118 290 D.
1150 245 1356 292 atmn
1400 245 1811 294 JUVENALIS

438 408 752 489 Sanguine
782 409 1073 470 causidici
1099 411 1472 472 maduerunt
1498 422 1698 476 rostra
1722 411 1945 492 pusilli.

435 513 469 542 ‘⁴
487 505 542 564 O
572 507 948 567 fortunatam
976 518 1187 567 natam
1213 529 1312 567 me
1343 509 1613 569 Consule
1643 508 1947 569 Romami
1972 507 2007 537 ”

432 602 674 663 Antoni
700 603 942 682 gladios
968 604 1173 684 potuit
1202 617 1613 680 contemnere,
1641 606 1692 665 si
1721 606 1808 666 sic

435 699 663 760 Omnia
691 700 963 761 dixisset.
1044 700 1336 762 Ridenda
1362 711 1651 782 poemata
1680 704 1841 762 malo

435 795 639 868 Quam
667 806 732 857 te
761 797 1142 877 conspicuae,
1170 798 1383 859 divina
1410 797 1775 879 Philippica,
1802 800 2017 873 famae,

432 893 722 955 Volveris
751 913 789 954 a
815 894 1015 973 prima
1044 915 1200 975 quae
1229 896 1525 974 proxima.
1610 894 1845 957 Saevus
1873 906 1938 957 et
1965 896 2137 957 illum

432 989 657 1051 Exitus
683 990 926 1072 eripuit,
956 1012 1139 1072 quem
1166 992 1551 1053 mirabantur
1574 992 1864 1053 Athenae

433 1087 801 1149 Torrentem
829 1099 894 1150 et
920 1088 1088 1169 pleni
1114 1089 1543 1150 moderantem
1569 1089 1779 1149 fraena
1807 1090 2052 1152 theatri.

430 1184 548 1245 Dis
573 1185 678 1246 ille
707 1185 982 1246 adversis
1009 1185 1257 1265 genitus
1284 1187 1535 1267 fatoque
1564 1187 1827 1262 sinistr0,

433 1282 637 1355 Quem
665 1292 846 1363 pater
873 1282 1148 1342 ardentis
1176 1302 1411 1344 massae
1440 1283 1698 1363 fuligine
1726 1283 1930 1365 lippus

431 1379 496 1439 A
523 1378 788 1440 carbone
817 1388 882 1440 et
910 1378 1242 1458 forcipibus
1268 1379 1633 1460 gladiosque
1660 1392 1921 1461 parante

431 1474 669 1537 Incude
698 1486 763 1537 et
791 1478 963 1537 luteo
992 1476 1280 1537 Vulcano
1310 1477 1388 1536 ad
1419 1478 1669 1537 rhetora
1694 1477 1890 1540 misit?

510 1574 830 1636 Bellorum
857 1574 1135 1650 exuviae,
1161 1575 1398 1636 truncis
1426 1575 1607 1635 affixa
1635 1577 1905 1657 tropaeis

431 1670 652 1736 Lorica
679 1682 744 1734 et
771 1673 967 1734 fracta
994 1673 1072 1732 de
1101 1672 1336 1733 casside
1365 1672 1626 1733 buccula
1650 1675 1929 1753 pendens

430 1775 517 1836 Et
545 1782 789 1834 curtum
818 1781 1069 1833 temone
1088 1770 1313 1851 jugum
1344 1771 1671 1850 victaeque
1700 1770 1965 1831 triremis

429 1872 729 1953 Aplustre
759 1878 824 1931 et
851 1890 1093 1931 summo
1122 1869 1316 1929 tristis
1345 1869 1629 1950 captivus
1657 1868 1721 1928 in
1751 1888 1896 1929 arcu

431 1969 735 2032 Humanis
763 1969 997 2048 majora
1023 1967 1202 2028 bonis
1231 1967 1598 2026 creduntur:
1640 1966 1720 2025 ad
1748 1966 1866 2027 hoc
1894 1986 1959 2028 sc

430 2068 750 2129 Romanus
778 2067 1122 2147 Graiusque
1155 2085 1226 2126 ac
1253 2065 1548 2126 barbarus
1575 2064 1974 2146 induperator

428 2166 684 2227 Erexit:
726 2155 938 2226 causas
967 2163 1333 2225 discriminis
1362 2173 1548 2243 atque
1579 2163 1803 2225 laboris

430 2265 587 2326 Inde
615 2265 850 2326 habuit.
931 2263 1139 2324 Tanto
1166 2264 1363 2344 major
1390 2262 1587 2323 famae
1617 2263 1749 2325 sitis
1777 2273 1872 2324 est
1900 2283 2083 2344 quam

427 2363 718 2425 Virtutis.
801 2363 958 2436 Quis
987 2363 1153 2422 enim
1179 2362 1478 2423 virtutem
1507 2362 1902 2442 amplectitur
1928 2363 2141 2441 ipsam,

428 2462 714 2522 Praemia
744 2461 795 2521 si
824 2461 1048 2521 tollas?
1130 2461 1408 2521 Patriam
1439 2469 1647 2519 tamen
1676 2460 1883 2520 obruit
1909 2460 2057 2519 olim

427 2559 640 2621 Gloria
666 2579 1002 2638 paucorum
1033 2568 1097 2619 et
1125 2559 1324 2619 laudis
1353 2557 1645 2637 titulique
1675 2557 1901 2636 cupido

429 2658 696 2717 Haesuri
727 2656 888 2717 saxis
919 2656 1192 2716 cinerum
1221 2655 1599 2729 custodibus,
1630 2655 1708 2715 ad
1739 2674 1897 2734 quae

425 2754 834 2815 Discutienda
860 2753 1074 2813 valent
1102 2752 1324 2813 sterilis
1351 2752 1516 2811 mala
1541 2752 1766 2812 robora
1791 2752 1977 2812 ficus:

427 2850 949 2931 Quandoquidem
978 2849 1127 2909 data
1154 2856 1298 2908 sunt
1325 2847 1473 2927 ipsis
1501 2867 1747 2928 quoque
1775 2848 1902 2908 fata
1928 2847 2239 2927 sepulcris.

433 2951 517 3007 Ex
529 2948 728 3027 pende
757 2946 1173 3007 Hannibalem
1197 2965 1214 3020 ;
1256 2953 1408 3025 quot
1435 2945 1621 3005 libras
1648 2945 1713 3005 in
1743 2945 1898 3006 duce
1928 2966 2171 3005 summo

433 3044 760 3105 Invenies?
798 3045 900 3104 hic
931 3052 1026 3104 est
1055 3062 1236 3121 quem
1268 3061 1392 3101 non
1424 3040 1589 3120 capit
1616 3042 1830 3103 Africa
1856 3042 2077 3103 Mauro
2126 3084 2135 3090 -

433 3143 728 3201 Psi-cussa
754 3140 1005 3201 Oceano
1033 3138 1307 3218 Niloque
1336 3137 1589 3198 admota
1615 3140 1872 3220 tepenti,

429 3239 660 3298 Rursus
689 3237 769 3297 ad
796 3236 1179 3314 Aethiopum
1206 3232 1469 3314 populos
1497 3233 1774 3314 altosque
1804 3237 2179 3317 elephantos·

425 3335 704 3394 Additur
732 3333 1005 3413 imperiis
1036 3331 1371 3410 Hispania:
1413 3330 1801 3409 Pyrenaeum

425 3430 756 3491 Transilit:
797 3426 1087 3509 opposuit
1114 3437 1337 3488 natura
1363 3427 1714 3508 Alpemque
1742 3430 2110 3510 nivemque3

2353 816 2442 860 125

2351 1300 2445 1345 130

2351 1789 2445 1832 135

2347 2281 2442 2325 110

2340 2766 2435 2811 145

2334 3252 2429 3298 15?
