2734 4017
401 211 485 276 80
1011 227 1083 274 n.
1114 226 1322 276 amm
1363 224 1776 281 JUVENALIS

398 392 739 455 Rusticus?
818 393 1160 475 Exspectas
1188 404 1259 456 ut
1287 414 1414 455 non
1441 395 1525 455 sit
1552 392 1834 453 adultera
1860 391 2099 473 Largae
2350 408 2419 452 25

401 490 578 564 Filia,
606 510 762 570 quae
790 511 1107 572 nunquam
1134 500 1446 553 maternos
1475 491 1681 552 dicere
1710 491 1998 551 moechos

400 589 560 649 Tam
588 588 714 649 cito
741 607 857 649 nec
885 598 1064 650 tanto
1091 588 1321 669 poterit
1349 597 1679 650 contexere
1708 607 1888 648 cursu

401 687 499 751 Ut
526 707 651 748 non
679 694 776 746 ter
803 684 1008 746 decies
1036 686 1339 765 respiret?
1421 685 1685 749 Conscia
1711 685 1897 745 matri

401 786 603 866 Virgo
629 784 782 860 fuit3
824 802 993 844 ceras
1022 803 1187 843 nunc
1213 784 1331 845 hac
1358 784 1637 844 dictante
1663 783 1920 863 pusillas

401 883 647 964 Implet,
675 891 741 943 et
768 881 849 942 ad
878 881 1205 941 moechum
1233 879 1344 942 dat
1374 880 1606 942 eisdem
1636 881 1795 942 ferre
1822 880 2108 943 cinaedis.
2356 898 2422 944 3ο

405 982 508 1042 Sic
535 990 757 1042 natura
785 980 1002 1061 jubet:
1044 978 1315 1040 velocius
1344 990 1410 1041 et
1439 979 1618 1041 citius
1645 1000 1759 1042 nos

404 1081 825 1159 Corrumpunt
852 1076 1148 1139 vitiorum
1176 1078 1460 1159 exempla
1487 1076 1842 1153 domestica,
1870 1079 2110 1160 magnis

405 1177 616 1251 Quum
642 1177 909 1238 subeunt
937 1176 1175 1238 animos
1203 1176 1570 1238 auctoribus.
1651 1175 1838 1239 Unus
1865 1186 1930 1237 et
1957 1177 2112 1237 alter

404 1275 693 1337 Forsitan
721 1276 876 1336 haec
903 1284 1196 1356 spernant
1228 1275 1512 1356 juvenes,
1540 1274 1764 1356 quibus
1791 1284 1923 1336 arte
1952 1276 2222 1356 benigna

404 1372 491 1434 Et
520 1372 770 1434 meliore
798 1373 932 1435 luto
960 1372 1143 1433 finxit
1169 1373 1530 1454 praecordia
1556 1373 1780 1450 Titan;
2357 1389 2420 1435 35

408 1469 534 1532 Sed
560 1471 828 1551 reliquos
854 1470 1150 1551 fugienda
1175 1481 1423 1552 patrum
1451 1472 1715 1553 vestigia
1741 1472 1994 1547 ducunt,

406 1568 493 1629 Et
520 1578 861 1630 monstrata
887 1569 996 1630 diu
1024 1569 1254 1631 veteris
1281 1570 1475 1631 trahit
1503 1571 1705 1632 orbita
1730 1571 1964 1652 culpae.

405 1666 741 1728 Abstineas
768 1667 960 1747 igitur
986 1667 1390 1744 damnandis3
1432 1668 1616 1749 hujus
1644 1668 1808 1730 enim
1836 1669 1940 1729 vel

407 1764 557 1827 Una
583 1774 806 1846 potens
831 1765 993 1829 ratio
1020 1775 1131 1841 est,
1160 1786 1239 1827 ne
1267 1765 1527 1828 crimina
1552 1775 1765 1828 nostra
1791 1776 2126 1847 sequantur

406 1860 506 1921 Ex
535 1861 713 1924 nobis
738 1863 970 1944 geniti:
1016 1864 1306 1945 quoniam
1335 1863 1567 1926 dociles
1592 1863 1908 1925 imitandis
2354 1881 2418 1925 40

408 1959 719 2040 Turpibus
747 1980 820 2021 ac
845 1961 1051 2040 pravis
1078 1981 1292 2023 omnes
1319 1981 1546 2036 sumus,
1576 1970 1643 2021 et
1670 1960 2004 2023 Catilinam

410 2056 797 2138 Quocunque
824 2057 890 2118 in
918 2059 1149 2139 populo
1176 2058 1408 2134 videas,
1436 2078 1804 2139 quocunque
1832 2059 1947 2119 sub
1975 2078 2127 2135 axe3

412 2153 538 2213 Sed
565 2172 681 2213 nec
709 2152 943 2214 Brutus
970 2153 1089 2215 erit
1117 2153 1299 2215 Bruti
1327 2174 1444 2216 nec
1472 2154 1811 2216 avunculus
1841 2174 2114 2235 usquam.

409 2247 521 2308 Nil
549 2246 720 2308 dictu
747 2248 999 2309 foedum
1026 2249 1283 2329 visuque
1311 2250 1465 2311 haec
1491 2250 1706 2312 limina
1732 2258 1954 2330 tangat

409 2342 586 2404 Intra
612 2363 768 2424 quae
795 2363 951 2425 puer
977 2355 1091 2406 est.
1172 2343 1401 2406 Procul
1429 2345 1590 2420 hinc,
1617 2346 1831 2426 procul
1859 2346 2005 2407 inde
2033 2345 2274 2427 puellae
2353 2360 2415 2406 45

408 2440 734 2502 Lenonum
762 2453 828 2504 et
855 2453 1071 2505 cantus
1098 2444 1523 2526 pernoctantis
1550 2444 1820 2525 parasiti.

408 2539 686 2602 Maxima
712 2541 975 2603 debetur
999 2563 1192 2623 puero
1219 2542 1584 2603 reverentia.
1667 2540 1736 2602 Si
1765 2540 1915 2622 quid

410 2638 617 2720 Turpe
646 2659 839 2721 paras,
867 2661 945 2702 ne
973 2651 1044 2703 tu
1070 2642 1245 2723 pueri
1273 2639 1714 2721 contempseris
1743 2659 1952 2715 anuos,

413 2737 535 2798 Sed
566 2752 899 2819 peccaturo
927 2740 1188 2802 obsistat
1216 2740 1330 2802 tibi
1357 2739 1520 2801 filius
1547 2739 1766 2802 infans·

410 2835 578 2899 Nam
606 2838 658 2899 si
686 2839 833 2920 quid
864 2838 1122 2919 dignum
1152 2838 1440 2900 Censoris
1467 2838 1682 2905 fecerit
1708 2838 1801 2897 ira
2357 2850 2415 2895 50

412 2935 801 3016 Quandoque
831 2944 897 2996 et
924 2935 1188 2997 similem
1215 2934 1330 2995 tibi
1358 2955 1424 3001 se
1451 2955 1577 2997 non
1607 2953 1860 3015 corpore
1888 2942 2134 2995 tantum

410 3032 549 3093 Nec
577 3035 763 3108 vultu,
784 3032 1045 3107 dederit,
1072 3051 1314 3092 morum
1342 3052 1587 3113 quoque
1614 3031 1777 3093 filius
1805 3040 1871 3092 et
1897 3029 2003 3111 qui

412 3130 640 3192 Omnia
668 3128 938 3190 deterius
964 3139 1075 3190 tua
1100 3148 1210 3209 per
1237 3129 1503 3209 vestigia
1529 3138 1762 3209 peccet,

414 3227 722 3307 Corripies
751 3226 1037 3287 nimirum
1066 3235 1131 3286 et
1159 3225 1491 3305 castigabis
1519 3225 1738 3287 acerbo

415 3326 699 3386 Clamore
728 3343 799 3385 ac
825 3333 966 3404 post
991 3322 1146 3383 haec
1173 3322 1416 3382 tabulas
1443 3332 1681 3383 mutare
1709 3319 1967 3402 parabis
2356 3336 2412 3383 55

413 3421 605 3483 Unde
634 3420 750 3481 tibi
778 3421 1044 3479 frontem
1078 3419 1550 3498 libertatemque
1577 3418 1848 3498 parentis
