2734 4017
371 224 412 283 8
974 234 1046 282 D.
1078 234 1287 283 amm
1329 235 1747 285 JUVENALIS

360 403 533 463 Dum
559 421 724 464 nova
749 400 1023 476 canitie&
1050 400 1204 463 dum
1226 402 1429 483 prima
1454 412 1520 464 et
1545 412 1719 464 recta
1746 413 2051 477 senectus,

318 466 536 561 Dum
562 509 840 580 superest
868 499 1126 561 Lachesi
1154 500 1323 579 quod
1348 508 1656 580 torqueat,
1684 509 1749 561 et
1774 502 2037 581 pedibus
2062 522 2163 562 me

361 597 559 659 Porto
584 598 739 659 meis
764 597 935 658 nullo
962 597 1246 657 dextram
1272 598 1577 657 subeunte
1603 597 1858 659 bacillo»

362 695 672 758 Cedamus
697 694 930 775 patria:
969 694 1188 754 vivant
1213 693 1550 756 Artoriu-
1532 693 1675 756 istic

361 792 447 853 Et
477 793 771 867 Catulus3
811 799 1109 852 maneant
1131 790 1239 871 φῖ
1264 789 1513 871 nigrum
1538 790 1603 851 in
1632 791 1897 853 candida
1924 801 2195 869 vertunt,

363 890 519 962 Quis
545 888 724 950 facile
752 897 853 949 est
875 886 1091 948 aedem
1120 887 1485 962 conducere,
1513 888 1786 961 flumina,
1812 898 2045 969 portus,

363 987 727 1049 Siccandam
755 986 1036 1058 eluviem,
1064 985 1440 1065 portandum
1468 985 1549 1045 ad
1575 985 1759 1047 busta
1787 986 2068 1064 cadaver,

359 1081 447 1144 Et
473 1084 766 1164 praebere
794 1091 982 1164 caput
1010 1082 1262 1144 domina
1291 1083 1511 1142 venale
1539 1082 1653 1143 sub
1682 1083 1878 1146 hasta.

360 1181 693 1254 Quondam
719 1181 784 1241 hi
812 1180 1149 1241 cornicines
1176 1188 1241 1239 et
1267 1179 1654 1260 municipalis
1681 1199 1901 1242 arenae

360 1278 658 1359 Perpetui
685 1279 940 1340 comites
968 1288 1274 1358 notaeque
1302 1298 1414 1358 per
1440 1278 1671 1358 oppida
1694 1279 1927 1341 buccae

359 1376 624 1437 Munera
652 1396 817 1438 nunc
846 1375 1057 1449 edunt,
1087 1384 1152 1435 et
1179 1394 1358 1435 verso
1386 1375 1609 1456 pollice
1637 1376 1811 1456 vulgi

361 1473 567 1545 Quem
593 1473 745 1534 libet
773 1472 1068 1534 occidunt
1095 1471 1513 1553 populariter:
1555 1473 1702 1534 inde
1729 1473 1960 1536 reversi

361 1571 736 1633 Conducunt
762 1572 1012 1634 foricas:
1054 1582 1120 1634 et
1146 1593 1257 1634 cur
1281 1593 1410 1634 non
1438 1572 1646 1635 omnia
1665 1573 1697 1633 ἲ
1736 1592 1927 1654 quum
1954 1571 2080 1634 sint

360 1667 592 1740 Quales
618 1689 696 1730 ex
724 1670 941 1731 humili
968 1690 1194 1753 magna
1220 1669 1300 1732 ad
1327 1670 1578 1753 fastigia
1604 1691 1811 1732 rerum

358 1766 624 1831 Extollit
651 1769 891 1851 quoties
920 1769 1119 1832 voluit
1146 1768 1427 1832 Fortuna
1456 1769 1670 1851 jocari.

358 1867 528 1941 Quid
555 1868 795 1930 Romae
822 1869 1041 1931 faciam
1056 1870 1086 1930 ⁴?
1166 1868 1424 1930 Mentiri
1451 1868 1696 1945 nesci03
1736 1868 1962 1929 librum

358 1965 429 2025 Si
453 1967 653 2028 malus
681 1977 776 2029 est
803 1987 1043 2048 nequeo
1071 1967 1324 2027 laudare
1354 1976 1419 2027 et
1446 1985 1697 2046 poscere
1719 1985 1737 2042 3
1777 1977 1986 2028 motus

355 2063 689 2124 Astrorum
715 2063 934 2143 ignoro
957 2083 974 2139 3
1014 2063 1198 2124 funus
1226 2063 1589 2144 promittere
1617 2062 1811 2143 patris

355 2158 421 2218 N
423 2179 494 2220 ec
520 2161 666 2221 volo
693 2180 810 2221 nec
835 2179 1120 2241 possum3
1160 2180 1446 2220 ranarum
1475 2159 1709 2220 viscera
1734 2179 2052 2240 nunquam
2151 2181 2156 2188 ·

355 2254 629 2336 Inspexi.
709 2257 897 2318 Ferre
926 2258 1005 2318 ad
1033 2267 1295 2337 nuptam
1323 2275 1480 2337 quae
1509 2257 1705 2318 mittit
1734 2256 1994 2332 adulter,

355 2352 535 2426 Quae
560 2356 835 2430 mandat,
865 2355 1073 2415 norint
1102 2353 1244 2414 alii:
1284 2373 1385 2414 me
1414 2373 1597 2414 nemo
1623 2354 1906 2416 ministro

355 2451 485 2510 Fur
511 2452 647 2527 erit,
675 2462 862 2532 atque
889 2452 1032 2513 ideo
1060 2451 1212 2511 nulli
1241 2471 1446 2511 comes
1476 2470 1645 2525 exe0,
1671 2461 1970 2531 tanquam

354 2547 616 2609 Mancus
644 2557 710 2609 et
737 2549 1076 2610 exstinctae
1106 2567 1326 2628 corpus
1352 2568 1479 2608 nou
1508 2549 1659 2609 utile
1689 2547 1961 2610 dextrae.

355 2642 514 2716 Quis
539 2664 704 2707 nunc
732 2645 1013 2725 diligitur
1039 2644 1157 2706 nisi
1184 2645 1464 2706 conscius
1491 2654 1557 2706 et
1584 2645 1681 2705 cui
1708 2645 1952 2705 fervens

352 2741 622 2802 Aestuat
649 2742 906 2804 occultis
934 2742 1174 2802 animus
1202 2761 1560 2822 semperque
1589 2741 1865 2803 tacendis
1885 2741 1918 2801 ἲ

273 2900 279 2906 ,
352 2838 462 2898 Nil
491 2839 607 2900 tibi
633 2859 700 2900 se
727 2839 953 2900 debere
978 2848 1177 2919 putat,
1206 2838 1295 2899 nil
1324 2840 1599 2900 conferet
1628 2859 1926 2919 unquam,

352 2935 729 3018 Participem
757 2937 864 3019 qui
889 2948 954 2999 te
983 2936 1203 2998 secreti
1228 2937 1377 2997 fecit
1403 2938 1686 2998 honesti:

354 3034 547 3095 Carus
575 3034 693 3096 erit
720 3034 907 3096 Verri
934 3035 1039 3116 qui
1066 3033 1330 3095 Verrem
1357 3043 1638 3115 tempore
1668 3054 1790 3115 quo
1818 3034 1956 3096 vult.

350 3131 664 3193 Accusare
689 3140 917 3212 potest.
1001 3130 1191 3191 Tanti
1218 3130 1333 3191 tibi
1361 3150 1487 3190 non
1517 3132 1598 3192 sit
1626 3132 1804 3212 opaci

352 3228 572 3289 Omnis
599 3249 785 3289 arena
811 3228 973 3309 Tagi
1000 3229 1286 3309 quodque
1314 3228 1382 3287 in
1409 3249 1575 3290 mare
1603 3230 1878 3290 volvitur
1906 3248 2141 3303 aurum,

350 3324 448 3386 Ut
475 3346 690 3387 somno
717 3329 925 3388 careas
950 3326 1356 3406 ponendaque
1386 3327 1657 3403 praemia
1684 3346 1891 3387 sumas
1995 3353 2002 3360 ’

349 3422 574 3485 Tristis
599 3432 664 3486 et
691 3443 730 3485 a
754 3443 982 3505 magno
1009 3441 1248 3503 semper
1274 3421 1549 3483 timearis
1576 3423 1793 3485 amico·

2310 807 2375 853 30

2302 1784 2369 1830 4⁰

2303 2271 2369 2318 45

2303 2745 2431 2803 50'
