<?xml version="1.0" encoding="UTF-8"?>
<!DOCTYPE html PUBLIC "-//W3C//DTD XHTML 1.0 Transitional//EN"
    "http://www.w3.org/TR/xhtml1/DTD/xhtml1-transitional.dtd">
<html xmlns="http://www.w3.org/1999/xhtml" xml:lang="en" lang="en">
 <head>
  <title>
</title>
<meta http-equiv="Content-Type" content="text/html;charset=utf-8" />
  <meta name='ocr-system' content='tesseract 3.04.00' />
  <meta name='ocr-capabilities' content='ocr_page ocr_carea ocr_par ocr_line ocrx_word'/>
</head>
<body>
  <div class='ocr_page' id='page_1' title='image "./thirteensatires00unkngoog_0022.png"; bbox 0 0 2734 4017; ppageno 0'>
   <div class='ocr_carea' id='block_1_1' title="bbox 356 215 1735 278">
    <p class='ocr_par' dir='ltr' id='par_1_1' title="bbox 356 215 1735 278">
     <span class='ocr_line' id='line_1_1' title="bbox 356 215 1735 278; baseline -0.001 0"><span class='ocrx_word' id='word_1_1' title='bbox 356 215 400 278; x_wconf 82' lang='lat'>6</span> <span class='ocrx_word' id='word_1_2' title='bbox 968 230 1042 277; x_wconf 88' lang='lat' dir='ltr'>D.</span> <span class='ocrx_word' id='word_1_3' title='bbox 1072 228 1279 278; x_wconf 75' lang='lat' dir='ltr'>Jtmu</span> <span class='ocrx_word' id='word_1_4' title='bbox 1320 227 1735 277; x_wconf 78' lang='lat' dir='ltr'><strong>JUVENALIS</strong></span> 
     </span>
    </p>
   </div>
   <div class='ocr_carea' id='block_1_2' title="bbox 333 391 2593 2421">
    <p class='ocr_par' dir='ltr' id='par_1_2' title="bbox 333 391 2593 2421">
     <span class='ocr_line' id='line_1_2' title="bbox 357 391 2368 477; baseline -0 -20"><span class='ocrx_word' id='word_1_5' title='bbox 357 396 554 457; x_wconf 88' lang='lat' dir='ltr'>Totos</span> <span class='ocrx_word' id='word_1_6' title='bbox 580 397 784 477; x_wconf 89' lang='lat' dir='ltr'>pande</span> <span class='ocrx_word' id='word_1_7' title='bbox 813 395 1000 456; x_wconf 80' lang='lat' dir='ltr'>sinus,</span> <span class='ocrx_word' id='word_1_8' title='bbox 1080 393 1271 455; x_wconf 87' lang='lat' dir='ltr'>Dicas</span> <span class='ocrx_word' id='word_1_9' title='bbox 1296 393 1399 454; x_wconf 90' lang='lat' dir='ltr'>hic</span> <span class='ocrx_word' id='word_1_10' title='bbox 1425 393 1698 468; x_wconf 78' lang='lat' dir='ltr'><strong>forsitan,</strong></span> <span class='ocrx_word' id='word_1_11' title='bbox 1730 391 1922 454; x_wconf 89' lang='lat' dir='ltr'>Undo</span> <span class='ocrx_word' id='word_1_12' title='bbox 2275 410 2368 456; x_wconf 98' lang='grc'>150</span> 
     </span>
     <span class='ocr_line' id='line_1_3' title="bbox 355 489 1831 574; baseline -0.001 -21"><span class='ocrx_word' id='word_1_13' title='bbox 355 492 684 572; x_wconf 81' lang='lat' dir='ltr'>Ingenium</span> <span class='ocrx_word' id='word_1_14' title='bbox 712 513 825 574; x_wconf 85' lang='lat' dir='ltr'>par</span> <span class='ocrx_word' id='word_1_15' title='bbox 851 492 1144 552; x_wconf 87' lang='lat' dir='ltr'>materiae</span> <span class='ocrx_word' id='word_1_16' title='bbox 1160 491 1190 551; x_wconf 67' lang='lat' dir='ltr'>P</span> <span class='ocrx_word' id='word_1_17' title='bbox 1230 490 1398 552; x_wconf 90' lang='lat' dir='ltr'>unde</span> <span class='ocrx_word' id='word_1_18' title='bbox 1426 490 1533 550; x_wconf 90' lang='lat' dir='ltr'>illa</span> <span class='ocrx_word' id='word_1_19' title='bbox 1559 489 1831 569; x_wconf 82' lang='lat' dir='ltr'><strong>priorum</strong></span> 
     </span>
     <span class='ocr_line' id='line_1_4' title="bbox 358 587 1938 669; baseline 0 -20"><span class='ocrx_word' id='word_1_20' title='bbox 358 590 681 649; x_wconf 85' lang='lat' dir='ltr'>Scribendi</span> <span class='ocrx_word' id='word_1_21' title='bbox 710 589 1122 669; x_wconf 87' lang='lat' dir='ltr'>quodcunque</span> <span class='ocrx_word' id='word_1_22' title='bbox 1152 588 1358 647; x_wconf 86' lang='lat' dir='ltr'>animo</span> <span class='ocrx_word' id='word_1_23' title='bbox 1387 587 1686 665; x_wconf 86' lang='lat' dir='ltr'>flagrante</span> <span class='ocrx_word' id='word_1_24' title='bbox 1714 588 1938 649; x_wconf 86' lang='lat' dir='ltr'>liberet</span> 
     </span>
     <span class='ocr_line' id='line_1_5' title="bbox 358 675 2593 799; baseline -0 -52"><span class='ocrx_word' id='word_1_25' title='bbox 358 675 949 766; x_wconf 54' lang='lat' dir='ltr'>Simplicitachujus</span> <span class='ocrx_word' id='word_1_26' title='bbox 978 706 1103 746; x_wconf 88' lang='lat' dir='ltr'>non</span> <span class='ocrx_word' id='word_1_27' title='bbox 1132 684 1333 744; x_wconf 81' lang='lat' dir='ltr'>audeo</span> <span class='ocrx_word' id='word_1_28' title='bbox 1362 684 1568 744; x_wconf 81' lang='lat' dir='ltr'>dicere</span> <span class='ocrx_word' id='word_1_29' title='bbox 1597 704 1823 746; x_wconf 89' lang='lat' dir='ltr'>nomen</span> <span class='ocrx_word' id='word_1_30' title='bbox 1842 687 1874 746; x_wconf 73' lang='lat' dir='ltr'>i’</span> <span class='ocrx_word' id='word_1_31' title='bbox 1923 751 1955 770; x_wconf 39' lang='grc' dir='ltr'>ς</span> <span class='ocrx_word' id='word_1_32' title='bbox 2005 710 2231 772; x_wconf 62' lang='lat' dir='ltr'>Mul·</span> <span class='ocrx_word' id='word_1_33' title='bbox 2251 694 2417 799; x_wconf 52' lang='lat'>*5⁰¹5</span> <span class='ocrx_word' id='word_1_34' title='bbox 2477 716 2548 769; x_wconf 64' lang='lat' dir='ltr'>»g</span> <span class='ocrx_word' id='word_1_35' title='bbox 2582 713 2593 723; x_wconf 87' lang='lat'>-</span> 
     </span>
     <span class='ocr_line' id='line_1_6' title="bbox 356 778 1899 863; baseline -0.001 -19"><span class='ocrx_word' id='word_1_36' title='bbox 356 783 525 856; x_wconf 83' lang='lat' dir='ltr'><strong>Quid</strong></span> <span class='ocrx_word' id='word_1_37' title='bbox 552 783 738 844; x_wconf 85' lang='lat' dir='ltr'>refert</span> <span class='ocrx_word' id='word_1_38' title='bbox 768 783 952 844; x_wconf 90' lang='lat' dir='ltr'>dictis</span> <span class='ocrx_word' id='word_1_39' title='bbox 978 783 1259 863; x_wconf 80' lang='lat' dir='ltr'>ignoscat</span> <span class='ocrx_word' id='word_1_40' title='bbox 1288 780 1537 843; x_wconf 88' lang='lat' dir='ltr'>Mucius</span> <span class='ocrx_word' id='word_1_41' title='bbox 1566 801 1642 843; x_wconf 86' lang='lat' dir='ltr'>an</span> <span class='ocrx_word' id='word_1_42' title='bbox 1672 803 1797 844; x_wconf 90' lang='lat' dir='ltr'>non</span> <span class='ocrx_word' id='word_1_43' title='bbox 1818 778 1899 858; x_wconf 67' lang='lat'>⁴1²)</span> 
     </span>
     <span class='ocr_line' id='line_1_7' title="bbox 354 878 2368 961; baseline 0 -20"><span class='ocrx_word' id='word_1_44' title='bbox 354 880 531 942; x_wconf 90' lang='lat' dir='ltr'>Pone</span> <span class='ocrx_word' id='word_1_45' title='bbox 558 880 972 961; x_wconf 84' lang='lat' dir='ltr'>Tigellinum:</span> <span class='ocrx_word' id='word_1_46' title='bbox 1015 879 1202 940; x_wconf 85' lang='lat' dir='ltr'>taeda</span> <span class='ocrx_word' id='word_1_47' title='bbox 1227 878 1463 941; x_wconf 90' lang='lat' dir='ltr'>lucebis</span> <span class='ocrx_word' id='word_1_48' title='bbox 1488 879 1554 941; x_wconf 89' lang='lat' dir='ltr'>in</span> <span class='ocrx_word' id='word_1_49' title='bbox 1581 880 1689 941; x_wconf 93' lang='lat' dir='ltr'>illa</span> <span class='ocrx_word' id='word_1_50' title='bbox 2274 895 2368 941; x_wconf 92' lang='lat'>155</span> 
     </span>
     <span class='ocr_line' id='line_1_8' title="bbox 356 974 1872 1058; baseline 0.001 -20"><span class='ocrx_word' id='word_1_51' title='bbox 356 978 499 1051; x_wconf 82' lang='lat' dir='ltr'>Qua</span> <span class='ocrx_word' id='word_1_52' title='bbox 524 986 762 1039; x_wconf 88' lang='lat' dir='ltr'>stantes</span> <span class='ocrx_word' id='word_1_53' title='bbox 788 978 1011 1038; x_wconf 83' lang='lat' dir='ltr'>ardent</span> <span class='ocrx_word' id='word_1_54' title='bbox 1041 976 1148 1056; x_wconf 90' lang='lat' dir='ltr'>qui</span> <span class='ocrx_word' id='word_1_55' title='bbox 1175 974 1302 1037; x_wconf 85' lang='lat' dir='ltr'>fixo</span> <span class='ocrx_word' id='word_1_56' title='bbox 1329 986 1585 1058; x_wconf 87' lang='lat' dir='ltr'>gutture</span> <span class='ocrx_word' id='word_1_57' title='bbox 1613 979 1872 1053; x_wconf 85' lang='lat' dir='ltr'>fumant,</span> 
     </span>
     <span class='ocr_line' id='line_1_9' title="bbox 354 1072 1865 1136; baseline 0.001 -2"><span class='ocrx_word' id='word_1_58' title='bbox 354 1074 439 1135; x_wconf 91' lang='lat' dir='ltr'>Et</span> <span class='ocrx_word' id='word_1_59' title='bbox 467 1076 662 1134; x_wconf 87' lang='lat' dir='ltr'>latum</span> <span class='ocrx_word' id='word_1_60' title='bbox 691 1075 897 1135; x_wconf 87' lang='lat' dir='ltr'>media</span> <span class='ocrx_word' id='word_1_61' title='bbox 924 1074 1164 1134; x_wconf 86' lang='lat' dir='ltr'>sulcum</span> <span class='ocrx_word' id='word_1_62' title='bbox 1197 1072 1456 1136; x_wconf 80' lang='lat' dir='ltr'>deducis</span> <span class='ocrx_word' id='word_1_63' title='bbox 1486 1095 1670 1136; x_wconf 85' lang='lat' dir='ltr'>arena</span> <span class='ocrx_word' id='word_1_64' title='bbox 1687 1112 1865 1136; x_wconf 92' lang='grc'>--.</span> 
     </span>
     <span class='ocr_line' id='line_1_10' title="bbox 354 1170 1913 1251; baseline 0.001 -19"><span class='ocrx_word' id='word_1_65' title='bbox 354 1171 481 1244; x_wconf 79' lang='lat' dir='ltr'>Qui</span> <span class='ocrx_word' id='word_1_66' title='bbox 507 1172 684 1232; x_wconf 89' lang='lat' dir='ltr'>dedit</span> <span class='ocrx_word' id='word_1_67' title='bbox 711 1191 861 1250; x_wconf 86' lang='lat' dir='ltr'>ergo</span> <span class='ocrx_word' id='word_1_68' title='bbox 885 1170 1087 1230; x_wconf 84' lang='lat' dir='ltr'>tribus</span> <span class='ocrx_word' id='word_1_69' title='bbox 1111 1172 1348 1251; x_wconf 80' lang='lat' dir='ltr'>patruis</span> <span class='ocrx_word' id='word_1_70' title='bbox 1378 1172 1623 1233; x_wconf 87' lang='lat' dir='ltr'>aconita</span> <span class='ocrx_word' id='word_1_71' title='bbox 1648 1173 1913 1234; x_wconf 79' lang='lat' dir='ltr'>vehatur</span> 
     </span>
     <span class='ocr_line' id='line_1_11' title="bbox 352 1267 1902 1349; baseline 0.001 -21"><span class='ocrx_word' id='word_1_72' title='bbox 352 1268 702 1328; x_wconf 88' lang='lat' dir='ltr'>Pensilibus</span> <span class='ocrx_word' id='word_1_73' title='bbox 727 1267 970 1347; x_wconf 87' lang='lat' dir='ltr'>plumis,</span> <span class='ocrx_word' id='word_1_74' title='bbox 998 1276 1184 1346; x_wconf 89' lang='lat' dir='ltr'>atque</span> <span class='ocrx_word' id='word_1_75' title='bbox 1212 1268 1385 1329; x_wconf 88' lang='lat' dir='ltr'>illinc</span> <span class='ocrx_word' id='word_1_76' title='bbox 1412 1269 1712 1349; x_wconf 88' lang='lat' dir='ltr'>despiciat</span> <span class='ocrx_word' id='word_1_77' title='bbox 1737 1289 1851 1330; x_wconf 89' lang='grc'><strong>1108</strong></span> <span class='ocrx_word' id='word_1_78' title='bbox 1869 1269 1902 1329; x_wconf 75' lang='lat'>‘1‘</span> 
     </span>
     <span class='ocr_line' id='line_1_12' title="bbox 351 1364 2365 1446; baseline 0 -22"><span class='ocrx_word' id='word_1_79' title='bbox 351 1372 387 1403; x_wconf 77' lang='lat'>‘⁶</span> <span class='ocrx_word' id='word_1_80' title='bbox 409 1365 619 1438; x_wconf 82' lang='lat' dir='ltr'>Quum</span> <span class='ocrx_word' id='word_1_81' title='bbox 648 1364 858 1425; x_wconf 88' lang='lat' dir='ltr'>veniet</span> <span class='ocrx_word' id='word_1_82' title='bbox 887 1373 1106 1425; x_wconf 88' lang='lat' dir='ltr'>contra</span> <span class='ocrx_word' id='word_1_83' title='bbox 1134 1365 1333 1446; x_wconf 87' lang='lat' dir='ltr'>digito</span> <span class='ocrx_word' id='word_1_84' title='bbox 1361 1385 1680 1445; x_wconf 86' lang='lat' dir='ltr'>compesce</span> <span class='ocrx_word' id='word_1_85' title='bbox 1708 1365 2036 1427; x_wconf 86' lang='lat' dir='ltr'>labellum:</span> <span class='ocrx_word' id='word_1_86' title='bbox 2272 1378 2365 1425; x_wconf 84' lang='grc'>160</span> 
     </span>
     <span class='ocr_line' id='line_1_13' title="bbox 351 1461 1830 1542; baseline 0.001 -19"><span class='ocrx_word' id='word_1_87' title='bbox 351 1462 697 1523; x_wconf 84' lang='lat' dir='ltr'>Accusator</span> <span class='ocrx_word' id='word_1_88' title='bbox 725 1461 842 1522; x_wconf 83' lang='lat' dir='ltr'>erit</span> <span class='ocrx_word' id='word_1_89' title='bbox 871 1461 978 1542; x_wconf 91' lang='lat' dir='ltr'>qui</span> <span class='ocrx_word' id='word_1_90' title='bbox 1006 1462 1265 1523; x_wconf 87' lang='lat' dir='ltr'>verbum</span> <span class='ocrx_word' id='word_1_91' title='bbox 1294 1463 1538 1538; x_wconf 81' lang='lat' dir='ltr'>dixerit,</span> <span class='ocrx_word' id='word_1_92' title='bbox 1567 1463 1691 1524; x_wconf 87' lang='lat' dir='ltr'>Hic</span> <span class='ocrx_word' id='word_1_93' title='bbox 1718 1472 1830 1525; x_wconf 86' lang='lat' dir='ltr'>est.</span> 
     </span>
     <span class='ocr_line' id='line_1_14' title="bbox 354 1558 1854 1640; baseline 0 -18"><span class='ocrx_word' id='word_1_94' title='bbox 354 1560 619 1622; x_wconf 87' lang='lat' dir='ltr'>Securus</span> <span class='ocrx_word' id='word_1_95' title='bbox 647 1558 793 1620; x_wconf 92' lang='lat' dir='ltr'>licet</span> <span class='ocrx_word' id='word_1_96' title='bbox 821 1558 1104 1621; x_wconf 86' lang='lat' dir='ltr'>Aeneam</span> <span class='ocrx_word' id='word_1_97' title='bbox 1132 1559 1559 1640; x_wconf 81' lang='lat' dir='ltr'>Rutulumque</span> <span class='ocrx_word' id='word_1_98' title='bbox 1586 1560 1854 1622; x_wconf 87' lang='lat' dir='ltr'>ferocem</span> 
     </span>
     <span class='ocr_line' id='line_1_15' title="bbox 352 1656 1984 1738; baseline -0.001 -18"><span class='ocrx_word' id='word_1_99' title='bbox 352 1656 760 1734; x_wconf 86' lang='lat' dir='ltr'>Committas3</span> <span class='ocrx_word' id='word_1_100' title='bbox 804 1656 958 1717; x_wconf 91' lang='lat' dir='ltr'>nulli</span> <span class='ocrx_word' id='word_1_101' title='bbox 985 1657 1190 1738; x_wconf 84' lang='lat' dir='ltr'>gravis</span> <span class='ocrx_word' id='word_1_102' title='bbox 1219 1666 1314 1718; x_wconf 89' lang='lat' dir='ltr'>est</span> <span class='ocrx_word' id='word_1_103' title='bbox 1339 1677 1661 1738; x_wconf 84' lang='lat' dir='ltr'>percussus</span> <span class='ocrx_word' id='word_1_104' title='bbox 1688 1658 1984 1733; x_wconf 85' lang='lat' dir='ltr'>Achilles,</span> 
     </span>
     <span class='ocr_line' id='line_1_16' title="bbox 333 1753 2011 1913; baseline 0.002 -100"><span class='ocrx_word' id='word_1_105' title='bbox 333 1754 487 1913; x_wconf 50' lang='lat' dir='ltr'>{ut</span> <span class='ocrx_word' id='word_1_106' title='bbox 512 1754 777 1815; x_wconf 88' lang='lat' dir='ltr'>multum</span> <span class='ocrx_word' id='word_1_107' title='bbox 810 1755 1122 1836; x_wconf 88' lang='lat' dir='ltr'>quaesitus</span> <span class='ocrx_word' id='word_1_108' title='bbox 1151 1753 1350 1835; x_wconf 86' lang='lat' dir='ltr'>Hylas</span> <span class='ocrx_word' id='word_1_109' title='bbox 1378 1775 1718 1835; x_wconf 89' lang='lat' dir='ltr'>urnamque</span> <span class='ocrx_word' id='word_1_110' title='bbox 1746 1766 2011 1816; x_wconf 84' lang='lat' dir='ltr'>secutus.</span> 
     </span>
     <span class='ocr_line' id='line_1_17' title="bbox 409 1850 2362 1934; baseline -0.002 -21"><span class='ocrx_word' id='word_1_111' title='bbox 409 1872 519 1914; x_wconf 89' lang='lat' dir='ltr'>nse</span> <span class='ocrx_word' id='word_1_112' title='bbox 544 1855 718 1916; x_wconf 86' lang='lat' dir='ltr'>velut</span> <span class='ocrx_word' id='word_1_113' title='bbox 748 1853 967 1915; x_wconf 88' lang='lat' dir='ltr'>stricto</span> <span class='ocrx_word' id='word_1_114' title='bbox 996 1852 1239 1934; x_wconf 87' lang='lat' dir='ltr'>quoties</span> <span class='ocrx_word' id='word_1_115' title='bbox 1265 1850 1540 1913; x_wconf 89' lang='lat' dir='ltr'>Lucilius</span> <span class='ocrx_word' id='word_1_116' title='bbox 1568 1853 1789 1913; x_wconf 89' lang='lat' dir='ltr'>ardens</span> <span class='ocrx_word' id='word_1_117' title='bbox 2267 1864 2362 1911; x_wconf 83' lang='lat'>165</span> 
     </span>
     <span class='ocr_line' id='line_1_18' title="bbox 351 1949 1887 2029; baseline -0.001 -17"><span class='ocrx_word' id='word_1_118' title='bbox 351 1951 695 2028; x_wconf 60' lang='lat' dir='ltr'>Infremuiu</span> <span class='ocrx_word' id='word_1_119' title='bbox 725 1954 910 2014; x_wconf 88' lang='lat' dir='ltr'>rubet</span> <span class='ocrx_word' id='word_1_120' title='bbox 938 1950 1186 2012; x_wconf 77' lang='lat' dir='ltr'>auditor</span> <span class='ocrx_word' id='word_1_121' title='bbox 1212 1950 1312 2010; x_wconf 90' lang='lat' dir='ltr'>cui</span> <span class='ocrx_word' id='word_1_122' title='bbox 1337 1949 1563 2029; x_wconf 78' lang='lat' dir='ltr'>ffigida</span> <span class='ocrx_word' id='word_1_123' title='bbox 1589 1969 1764 2011; x_wconf 88' lang='lat' dir='ltr'>mens</span> <span class='ocrx_word' id='word_1_124' title='bbox 1790 1958 1887 2011; x_wconf 87' lang='lat' dir='ltr'>est</span> 
     </span>
     <span class='ocr_line' id='line_1_19' title="bbox 351 2045 1834 2126; baseline -0.004 -12"><span class='ocrx_word' id='word_1_125' title='bbox 351 2052 746 2126; x_wconf 85' lang='lat' dir='ltr'>Criminibus,</span> <span class='ocrx_word' id='word_1_126' title='bbox 773 2050 969 2112; x_wconf 87' lang='lat' dir='ltr'>tacita</span> <span class='ocrx_word' id='word_1_127' title='bbox 997 2048 1225 2109; x_wconf 82' lang='lat' dir='ltr'>sudant</span> <span class='ocrx_word' id='word_1_128' title='bbox 1250 2045 1611 2126; x_wconf 85' lang='lat' dir='ltr'>praecordia</span> <span class='ocrx_word' id='word_1_129' title='bbox 1636 2047 1834 2126; x_wconf 88' lang='lat' dir='ltr'>culpa.</span> 
     </span>
     <span class='ocr_line' id='line_1_20' title="bbox 350 2131 2028 2223; baseline -0.006 -11"><span class='ocrx_word' id='word_1_130' title='bbox 350 2150 508 2211; x_wconf 89' lang='lat' dir='ltr'>Inde</span> <span class='ocrx_word' id='word_1_131' title='bbox 536 2151 662 2211; x_wconf 88' lang='lat' dir='ltr'>irae</span> <span class='ocrx_word' id='word_1_132' title='bbox 691 2158 757 2210; x_wconf 90' lang='lat' dir='ltr'>et</span> <span class='ocrx_word' id='word_1_133' title='bbox 783 2147 1087 2208; x_wconf 85' lang='lat' dir='ltr'>lacrimae.</span> <span class='ocrx_word' id='word_1_134' title='bbox 1171 2144 1409 2205; x_wconf 87' lang='lat' dir='ltr'>Tecum</span> <span class='ocrx_word' id='word_1_135' title='bbox 1437 2131 1605 2222; x_wconf 66' lang='lat' dir='ltr'>prius</span> <span class='ocrx_word' id='word_1_136' title='bbox 1632 2162 1782 2223; x_wconf 87' lang='lat' dir='ltr'>ergo</span> <span class='ocrx_word' id='word_1_137' title='bbox 1808 2143 2028 2203; x_wconf 82' lang='lat' dir='ltr'>voluta</span> 
     </span>
     <span class='ocr_line' id='line_1_21' title="bbox 350 2239 1921 2321; baseline -0.007 -12"><span class='ocrx_word' id='word_1_138' title='bbox 350 2248 527 2309; x_wconf 87' lang='lat' dir='ltr'>Haec</span> <span class='ocrx_word' id='word_1_139' title='bbox 554 2247 760 2308; x_wconf 90' lang='lat' dir='ltr'>animo</span> <span class='ocrx_word' id='word_1_140' title='bbox 789 2253 935 2306; x_wconf 85' lang='lat' dir='ltr'>ante</span> <span class='ocrx_word' id='word_1_141' title='bbox 962 2243 1178 2304; x_wconf 82' lang='lat' dir='ltr'>tubas:</span> <span class='ocrx_word' id='word_1_142' title='bbox 1221 2241 1539 2321; x_wconf 87' lang='lat' dir='ltr'>galeatum</span> <span class='ocrx_word' id='word_1_143' title='bbox 1567 2258 1702 2299; x_wconf 88' lang='lat' dir='ltr'>sero</span> <span class='ocrx_word' id='word_1_144' title='bbox 1730 2239 1921 2299; x_wconf 90' lang='lat' dir='ltr'>duelli</span> 
     </span>
     <span class='ocr_line' id='line_1_22' title="bbox 348 2335 2366 2421; baseline -0.004 -14"><span class='ocrx_word' id='word_1_145' title='bbox 348 2343 694 2407; x_wconf 87' lang='lat' dir='ltr'>Poenitet.”</span> <span class='ocrx_word' id='word_1_146' title='bbox 711 2379 795 2390; x_wconf 91' lang='lat'>—</span> <span class='ocrx_word' id='word_1_147' title='bbox 811 2341 1113 2421; x_wconf 83' lang='lat' dir='ltr'>Experiar</span> <span class='ocrx_word' id='word_1_148' title='bbox 1139 2338 1288 2420; x_wconf 89' lang='lat' dir='ltr'>quid</span> <span class='ocrx_word' id='word_1_149' title='bbox 1321 2336 1699 2399; x_wconf 86' lang='lat' dir='ltr'>concedatur</span> <span class='ocrx_word' id='word_1_150' title='bbox 1723 2335 1788 2396; x_wconf 89' lang='lat' dir='ltr'>in</span> <span class='ocrx_word' id='word_1_151' title='bbox 1816 2336 1959 2397; x_wconf 88' lang='lat' dir='ltr'>illos</span> <span class='ocrx_word' id='word_1_152' title='bbox 2271 2352 2366 2399; x_wconf 81' lang='lat'>170</span> 
     </span>
    </p>
   </div>
   <div class='ocr_carea' id='block_1_3' title="bbox 352 2432 1902 2519">
    <p class='ocr_par' dir='ltr' id='par_1_3' title="bbox 352 2432 1902 2519">
     <span class='ocr_line' id='line_1_23' title="bbox 352 2432 1902 2519; baseline -0.007 -14"><span class='ocrx_word' id='word_1_153' title='bbox 352 2442 635 2516; x_wconf 79' lang='lat' dir='ltr'>Quorum</span> <span class='ocrx_word' id='word_1_154' title='bbox 662 2439 972 2501; x_wconf 88' lang='lat' dir='ltr'>Flaminia</span> <span class='ocrx_word' id='word_1_155' title='bbox 998 2436 1236 2519; x_wconf 85' lang='lat' dir='ltr'>tegitur</span> <span class='ocrx_word' id='word_1_156' title='bbox 1263 2435 1420 2498; x_wconf 86' lang='lat' dir='ltr'>cinis</span> <span class='ocrx_word' id='word_1_157' title='bbox 1446 2443 1633 2517; x_wconf 87' lang='lat' dir='ltr'>atque</span> <span class='ocrx_word' id='word_1_158' title='bbox 1660 2432 1902 2496; x_wconf 86' lang='lat' dir='ltr'>Latina.</span> 
     </span>
    </p>
   </div>
   <div class='ocr_carea' id='block_1_4' title="bbox 2720 909 2729 1454">
    <p class='ocr_par' dir='ltr' id='par_1_4' title="bbox 2720 909 2729 1454">
     <span class='ocr_line' id='line_1_24' title="bbox 2720 909 2729 1454; baseline 0 0"><span class='ocrx_word' id='word_1_159' title='bbox 2720 909 2729 1454; x_wconf 95' lang='lat' dir='ltr'> </span> 
     </span>
    </p>
   </div>
  </div>
 </body>
</html>
