2734 4017
441 223 527 289 56
1054 242 1126 288 D.
1157 241 1364 290 surm
1406 241 1820 292 JUVENALIS

438 404 626 468 Iratis
654 404 880 482 debet3
918 427 1036 469 nec
1063 407 1181 468 erit
1206 407 1444 470 felicior
1470 418 1636 470 astro

440 504 682 578 Martis,
709 514 783 564 ut
809 504 875 565 in
903 504 1157 584 laqueos
1183 525 1504 585 nunquam
1531 506 1784 566 incidat.
1864 504 2084 587 Exigit
2113 517 2324 569 autem

438 598 767 662 Interdum
793 599 898 662 ille
926 600 1107 662 dolor
1131 602 1271 681 plus
1298 622 1485 682 quam
1513 604 1615 663 lex
1643 603 1769 662 ulla
1795 602 1995 664 dolori
2356 621 2448 667 315

440 696 779 759 Concessit.
858 697 1065 759 Necat
1090 697 1192 758 hic
1218 698 1396 773 ferro,
1424 708 1594 760 secat
1619 698 1725 759 ille
1752 700 2024 760 cruentis

438 793 836 868 Verberibus,
867 794 1169 875 quosdam
1196 796 1488 856 moechos
1516 804 1581 856 et
1607 795 1859 876 mugilis
1883 795 2095 858 intrat.

439 890 565 951 Sed
592 898 738 951 tuus
766 889 1125 969 Endymion
1155 891 1421 952 dilectae
1448 892 1561 952 fiet
1588 891 1834 952 adulter

434 987 798 1048 Matronae:
838 1007 985 1049 mox
1014 1007 1206 1068 quum
1234 987 1479 1049 dederit
1512 987 1775 1049 Servilia
1800 1009 2103 1063 nummos,

435 1083 580 1144 Fiet
609 1093 674 1144 et
701 1083 866 1145 illius
894 1103 1080 1164 quam
1106 1104 1234 1146 non
1264 1092 1471 1161 amat3
1510 1094 1701 1146 exuet
1728 1105 1974 1146 omnem
2357 1103 2449 1149 32⁰

439 1182 732 1263 Corporis
761 1190 1066 1243 ornatum.
1149 1181 1319 1254 Quid
1348 1181 1515 1242 enim
1543 1182 1670 1243 ulla
1696 1183 2017 1263 negaverit
2046 1183 2185 1245 udis
2282 1241 2288 1246 .

435 1281 824 1363 Inguinibus,
854 1279 984 1340 sive
1013 1287 1107 1339 est
1135 1278 1288 1339 haec
1317 1278 1523 1359 Oppia
1550 1279 1680 1340 sive
1711 1279 1961 1341 Catulla
1978 1280 2008 1340 1>

435 1378 728 1440 Deterior
752 1385 923 1440 totos
949 1375 1138 1437 habet
1167 1375 1295 1437 illic
1321 1375 1554 1437 femina
1580 1396 1801 1438 mores.

436 1478 566 1540 Sed
592 1486 763 1539 casto
793 1475 945 1556 quid
977 1473 1175 1536 forma
1201 1482 1389 1535 nocet
1404 1474 1435 1533 ’τ’
1450 1508 1533 1521 -
1555 1473 1724 1547 Quid
1754 1473 1989 1553 profuit
2014 1474 2207 1535 immo

435 1576 782 1658 Hippolyto
807 1592 1000 1655 grave
1027 1572 1414 1654 propositum
1430 1572 1461 1633 P
1502 1572 1651 1652 quid
1681 1571 2195 1654 Bellerophonti?
2349 1586 2445 1636 325

432 1672 702 1736 Erubuit
729 1692 953 1755 nempe
980 1672 1136 1733 haec
1163 1691 1274 1732 ceu
1299 1669 1616 1731 fastidita:
1660 1671 1906 1750 repulsa

430 1771 572 1833 Neo
600 1771 994 1833 Stheneboea
1019 1770 1222 1831 minus
1251 1788 1436 1850 quam
1466 1768 1685 1829 Cressa
1713 1767 2066 1843 excanduit,
2093 1777 2159 1829 et
2185 1787 2251 1828 se

432 1867 812 1930 Concussere
841 1868 1076 1929 ambae.
1157 1866 1387 1928 Mulier
1414 1865 1770 1928 saevissima
1796 1874 1949 1927 tunc
1976 1874 2073 1927 est

432 1966 643 2039 Quum
670 1966 954 2029 stimulos
981 1964 1127 2027 odio
1153 1965 1354 2046 pudor
1383 1964 1692 2025 admovet.
1774 1962 1957 2044 Elige
1985 1962 2280 2045 quidnam

432 2063 839 2125 Suadendum
867 2082 999 2124 esse
1028 2072 1212 2144 putes
1238 2062 1339 2123 cui
1366 2062 1599 2124 nubere
1630 2061 1909 2124 Caesaris
1938 2082 2096 2123 uxor
2344 2077 2442 2127 330

427 2159 738 2223 Destinat.
820 2159 1112 2240 Optimus
1136 2159 1240 2221 hio
1266 2168 1333 2220 et
1358 2159 1831 2223 formosissimus
1856 2160 2025 2221 idem

429 2257 653 2319 Gentis
678 2257 975 2339 patriciae
1001 2256 1242 2339 rapitur
1267 2256 1456 2319 miser
1483 2258 1974 2339 exstinguendus

427 2354 797 2417 Messalinae
825 2354 1055 2417 oculis:
1095 2355 1335 2417 dudum
1363 2355 1544 2417 sedet
1569 2356 1676 2416 illa
1702 2364 1919 2437 parato

428 2451 768 2528 Flameolo,
797 2452 1146 2535 Tyriusque
1174 2453 1382 2535 palam
1408 2453 1669 2536 genialis
1694 2453 1761 2514 in
1789 2452 1986 2515 hortis

430 2549 758 2626 Sternitur,
787 2560 853 2614 et
878 2550 1005 2612 ritu
1036 2551 1241 2613 decies
1270 2559 1534 2613 centena
1561 2550 1878 2612 dabuntur
2344 2566 2442 2613 335

426 2646 745 2728 Antiqu03
786 2649 998 2710 veniet
1026 2668 1172 2710 cum
1199 2648 1617 2730 signatoribus
1644 2667 1895 2728 auspex.

426 2743 603 2805 Haec
629 2755 701 2807 tu
730 2756 968 2808 secreta
996 2755 1060 2808 et
1087 2746 1299 2828 paucis
1328 2745 1651 2807 commissa
1678 2746 1958 2825 putabas.

425 2841 575 2903 Non
602 2843 723 2905 nisi
750 2844 1026 2925 legitime
1053 2844 1194 2905 vult
1220 2843 1472 2904 nubere.
1556 2842 1725 2915 Quid
1753 2842 1996 2923 placeat
2024 2842 2157 2904 dic:

424 2940 515 3001 Ni
540 2961 754 3021 parere
780 2941 936 3003 velis
962 2941 1348 3022 pereundum
1378 2940 1496 3001 erit
1526 2948 1671 3000 ante
1699 2939 2015 3002 lucernas:

427 3038 496 3101 Si
522 3040 721 3102 scelus
748 3038 1043 3103 admittas
1071 3037 1320 3098 dabitur
1344 3056 1521 3099 mora
1546 3036 1819 3117 parvula,
1849 3036 2001 3096 dum
2025 3056 2126 3098 res
2341 3051 2437 3098 34⁰

423 3137 599 3199 Nota
624 3138 788 3202 Urbi
817 3146 883 3199 et
908 3136 1143 3217 populo
1168 3135 1494 3215 contingat
1521 3133 1829 3213 Principis
1859 3152 2054 3195 aures.

423 3234 717 3298 Dedecus
742 3235 847 3297 ille
876 3235 1098 3294 domus
1125 3232 1279 3293 sciet
1306 3231 1600 3292 ultimus:
1639 3231 1880 3291 interea
1908 3240 1980 3291 tu

424 3332 781 3417 Obsequere
806 3329 1101 3412 imperim
1140 3327 1222 3389 sit
1248 3327 1409 3389 tanti
1434 3325 1568 3389 vita
1594 3328 1836 3389 dierum
