2734 4017
266 195 349 261 96
906 214 976 260 1).
1012 214 1219 262 Jtmn
1262 214 1671 265 JUVENALIS

982 1029 1310 1093 SATIRA
1362 1031 1547 1097 XVI.

265 1242 579 1410 QUIS
609 1261 947 1309 numerare,
962 1252 1151 1323 queat
1177 1244 1373 1305 felicis
1399 1246 1690 1326 praemia,
1718 1246 1917 1324 Galle,

483 1338 748 1400 Militiae
764 1339 794 1399 ⁴?
875 1338 1065 1412 Quod
1093 1340 1148 1401 si
1175 1340 1520 1403 subeuntur
1545 1363 1837 1425 prospera
1864 1356 2081 1420 castra,

261 1439 367 1500 Me
393 1438 693 1520 pavidum
721 1437 989 1517 excipiat
1017 1436 1284 1499 tironem
1308 1448 1492 1519 porta
1517 1442 1791 1503 secundo

263 1537 497 1598 Sidere.
579 1534 732 1595 Plus
760 1533 993 1595 etenim
1021 1534 1134 1595 fati
1162 1536 1331 1597 valet
1359 1538 1512 1599 hora
1539 1538 1810 1618 benigni,

262 1634 469 1707 Quam
496 1632 548 1693 si
575 1652 689 1693 nos
716 1631 981 1693 Veneris
1011 1634 1406 1695 commendet
1436 1634 1699 1715 epistola
1724 1636 1918 1698 Marti

260 1731 348 1793 Et
377 1729 585 1792 Samia
612 1728 882 1810 genitrix
911 1749 1069 1811 quae
1101 1730 1452 1792 delectatur
1479 1751 1682 1793 arena.

344 1827 690 1890 Commoda
717 1836 1052 1888 tractemus
1080 1827 1351 1908 primum
1381 1830 1748 1905 communia,
1770 1850 2029 1911 quorum

262 1926 452 1988 Haud
481 1925 806 1986 minimum
834 1924 989 1984 illud
1019 1924 1154 1998 erit,
1183 1944 1264 1986 ne
1290 1934 1357 1986 te
1384 1928 1628 2007 pulsare
1655 1936 1908 2009 togatus

260 2025 555 2099 Audeat3
596 2023 785 2083 immo
815 2021 933 2082 etsi
960 2021 1258 2102 pulsetur,
1290 2022 1634 2086 dissimulet
1659 2045 1777 2087 nec

260 2124 516 2184 Audeat
545 2140 833 2182 excussos
862 2118 1145 2180 Praetori
1176 2121 1503 2183 ostendere
1531 2122 1768 2197 dentes,

260 2221 349 2282 Et
376 2221 617 2301 nigram
644 2220 709 2281 in
737 2219 893 2280 facie
920 2218 1177 2279 tumidis
1203 2218 1500 2280 livoribus
1526 2220 1727 2296 offam,

261 2321 475 2402 Atque
505 2320 753 2382 oculum
779 2318 1020 2380 medico
1051 2317 1137 2378 nil
1167 2316 1568 2397 promittente
1594 2318 1897 2380 relictum.

263 2417 602 2480 Bardaicus
619 2418 820 2498 judex
848 2417 1036 2477 datur
1062 2416 1216 2477 haec
1240 2414 1460 2496 punite
1488 2414 1725 2476 volenti

265 2517 522 2580 Calceus
551 2528 616 2579 et
643 2517 912 2598 grandes
939 2536 1169 2598 magna
1198 2513 1277 2575 ad
1306 2512 1595 2574 subsellia
1620 2532 1816 2589 surae,

262 2616 534 2698 Legibus
563 2614 830 2695 antiquis
860 2624 1199 2676 castrorum
1230 2621 1296 2675 et
1321 2629 1495 2672 more
1525 2609 1772 2670 Camilli

265 2713 543 2788 Servato,
571 2712 748 2773 miles
777 2732 855 2774 ne
884 2712 1115 2772 vallum
1147 2711 1355 2792 litiget
1383 2717 1561 2769 extra

262 2811 350 2872 Et
377 2812 592 2892 procul
621 2829 658 2870 a
685 2810 895 2890 signis,
978 2808 1023 2870 J
1025 2809 1335 2871 ustissima
1367 2806 1819 2872 centurionum

266 2908 558 2988 Cognitio
587 2915 682 2969 est
708 2907 900 2988 igitur
924 2906 1002 2966 de
1031 2905 1265 2982 milite3
1307 2926 1424 2968 nec
1450 2905 1604 2967 mihi
1633 2904 1833 2966 deerit

264 3005 446 3068 Ultio
476 3004 527 3064 si
545 3006 754 3085 justae
785 3003 1060 3064 defertur
1091 3022 1274 3065 causa
1303 3005 1605 3085 querelae.

264 3101 430 3162 Tota
457 3102 675 3162 cohors
702 3109 911 3161 tamen
944 3109 1040 3161 est
1067 3099 1333 3174 inimica,
1365 3121 1699 3184 omnesque
1728 3101 1987 3184 manipli

268 3200 587 3261 consensu
615 3217 843 3276 magno
872 3197 1145 3259 efficiunt
1175 3197 1464 3260 curabilis
1493 3208 1564 3259 ut
1592 3200 1673 3260 sit

265 3295 568 3356 Vindicta
594 3294 843 3375 gravior
870 3314 1056 3375 quam
1083 3293 1325 3373 injuria.
1408 3294 1688 3376 Dignum
1719 3297 1835 3359 erit
1865 3318 2012 3379 ergo

267 3390 716 3452 Declamatoris
746 3390 980 3450 mulino
1009 3391 1194 3451 corde
1223 3390 1493 3471 Vagelli,

2207 2139 2268 2184 10

2210 2626 2270 2671 15

2211 3116 2275 3160 20
