2734 4017
1161 276 1436 326 sA‘rnzA
1480 274 1554 321 x,
2264 251 2350 315 49

333 456 518 516 Tunc
547 453 627 512 de
658 449 906 530 Sejano,
934 455 1174 508 secreta
1199 445 1354 504 haec
1381 458 1697 502 murmura
1724 438 1914 520 vulgi.

332 553 539 614 Visne
565 546 825 611 salutari
850 544 1012 606 sicut
1042 540 1350 622 Sejanus?
1392 539 1617 600 habere
2292 548 2356 594 90

336 648 766 720 Tantundem,
797 653 985 722 atque
1013 641 1102 701 illi
1134 657 1406 700 summas
1434 637 1665 696 donare
1695 633 1956 709 curules,

342 748 537 809 Illum
564 741 939 806 exercitibus
967 754 1345 818 praeponere
1365 734 1397 793 Ῥ
1435 741 1609 793 tutor
1636 729 1850 791 haberi

336 843 652 923 Principis
679 847 946 920 angusta
976 835 1354 914 Caprearum
1380 830 1446 890 in
1474 848 1627 909 rupe
1655 826 1929 889 sedentis

341 943 503 1005 Cum
530 958 719 1021 grege
749 932 1113 998 Chaldaeo?
1193 927 1312 990 Vis
1340 936 1507 988 certe
1535 925 1678 1006 pila,
1707 924 2010 999 cohortes,

339 1037 647 1119 Egregios
675 1033 916 1115 equites
944 1040 1008 1091 et
1038 1036 1238 1090 castra
1266 1024 1621 1085 domestica.
1705 1020 1943 1093 Quidni
2295 1034 2360 1080 95

340 1135 522 1196 Haec
548 1131 806 1214 cupias?
847 1138 911 1190 et
939 1127 1045 1208 qui
1074 1125 1296 1186 nolunt
1326 1121 1604 1183 occidere
1634 1137 1987 1200 quenquam

340 1233 540 1295 Posse
567 1231 805 1292 volunt.
890 1225 1017 1287 Sed
1045 1243 1201 1305 quae
1230 1220 1545 1302 praeclara
1572 1226 1636 1277 et
1665 1235 1956 1297 prospera
1982 1224 2228 1277 tantum

341 1329 443 1392 Ut
468 1329 654 1389 rebus
681 1325 862 1386 laetis
889 1342 1002 1404 par
1027 1320 1110 1383 sit
1135 1336 1426 1380 mensura
1451 1315 1755 1376 malorum
1772 1313 1803 1372 Ῥ

341 1427 552 1507 Hujus
581 1424 687 1504 qui
713 1422 981 1515 trahitur
1006 1425 1396 1499 praetextam
1424 1432 1665 1476 sumere
1693 1410 1907 1484 mavis,

339 1523 452 1584 An
478 1522 861 1582 Fidenarum
887 1516 1350 1594 Gabiorumque
1381 1532 1513 1573 esse
1541 1518 1822 1593 potestas
2271 1521 2364 1567 100

340 1620 431 1681 Et
459 1620 540 1680 de
571 1634 857 1678 mensura
872 1614 977 1693 jus
1005 1613 1227 1686 dicere,
1257 1629 1405 1671 vasa
1432 1609 1675 1670 minora

342 1718 661 1796 Frangere
689 1731 999 1794 pannosus
1027 1710 1237 1771 vacuis
1264 1708 1512 1769 Aedilis
1540 1704 1847 1769 Ulubris?

341 1814 516 1894 Ergo
544 1811 693 1892 quid
722 1807 1065 1891 optandum
1085 1808 1245 1868 foret
1271 1807 1588 1886 ignorasse
1616 1802 1829 1864 fateris

344 1912 675 1991 sejanum:
702 1926 847 1969 nam
875 1905 981 1986 qui
1008 1904 1229 1965 nimios
1258 1903 1517 1983 optabat
1543 1902 1807 1963 honores

344 2009 435 2070 Et
461 2007 682 2068 nimias
709 2004 1003 2085 poscebat
1033 2022 1195 2082 opes,
1224 2018 1550 2061 numerosa
1575 1999 1836 2080 parabat
2274 2010 2367 2058 105

343 2105 648 2167 Excelsae
675 2101 864 2164 turris
889 2100 1186 2173 tabulata,
1214 2099 1382 2159 unde
1404 2097 1587 2159 altior
1615 2106 1779 2159 esset

344 2205 543 2266 Casus
571 2209 638 2261 et
663 2198 963 2279 impulsae
989 2216 1281 2277 praeceps
1309 2196 1580 2256 immane
1609 2196 1840 2256 ruinae.

344 2299 521 2374 Quid
552 2299 823 2371 Crassos,
852 2295 1001 2375 quid
1029 2294 1363 2373 Pompeios
1392 2294 1637 2369 evertit,
1668 2303 1735 2355 et
1762 2295 1939 2355 illum

345 2396 453 2457 Ad
484 2416 597 2457 sua
623 2394 731 2474 qui
758 2393 1027 2454 domitos
1056 2391 1317 2452 deduxit
1344 2391 1537 2471 flagra
1565 2391 1887 2464 Quirites?

347 2493 645 2553 Summus
672 2509 895 2570 nempe
921 2489 1093 2550 locus
1120 2488 1290 2548 nulla
1318 2509 1445 2549 non
1477 2499 1609 2551 arte
1638 2491 1889 2570 petitus,
2278 2506 2371 2552 110

345 2590 704 2671 Magnaque
730 2586 1086 2648 numinibus
1113 2595 1264 2646 vota
1292 2587 1589 2649 exaudita
1615 2588 1920 2669 malignis,

345 2686 457 2747 Ad
485 2704 783 2766 generum
815 2682 1054 2745 Cereris
1081 2682 1214 2743 sine
1245 2684 1436 2745 caede
1465 2694 1531 2746 et
1559 2685 1815 2745 vulnere
1844 2684 2024 2766 pauci

343 2782 755 2843 Descendunt
782 2800 960 2861 reges
988 2789 1053 2841 et
1079 2780 1241 2841 sicca
1268 2792 1470 2842 morte
1498 2782 1769 2862 tyranni.

426 2878 762 2959 Eloquium
789 2896 862 2938 ac
888 2877 1114 2938 famam
1141 2878 1584 2939 Demosthenis
1613 2889 1721 2939 aut
1749 2878 2064 2942 Ciceronis

344 2976 577 3057 Incipit
603 2985 818 3057 optare
847 2984 912 3036 et
938 2975 1091 3037 totis
1121 2976 1613 3056 Quinquatribus
1642 2986 1839 3056 optat,
2280 2992 2373 3038 115

348 3073 646 3154 Quisquis
674 3073 877 3134 adhuc
905 3093 1032 3134 uno
1058 3082 1303 3154 partam
1331 3072 1483 3133 colit
1510 3092 1643 3133 asse
1672 3072 2049 3148 Minervam,

349 3170 556 3243 Quem
584 3170 861 3251 sequitur
888 3179 1098 3232 custos
1127 3178 1428 3250 angustae
1456 3172 1715 3230 vernula
1743 3190 1981 3251 capsae.

346 3268 615 3348 Eloquio
642 3268 752 3330 sed
782 3277 1044 3348 uterque
1071 3266 1234 3347 perit
1262 3275 1506 3341 orator3
1534 3277 1869 3348 utrumque

347 3364 589 3445 Largus
617 3375 682 3426 et
709 3364 1031 3425 exundans
1058 3364 1186 3424 leto
1215 3363 1395 3423 dedit
1421 3363 1655 3444 ingenii
1675 3365 1836 3427 fons.

346 3460 613 3542 Ingenio
640 3480 859 3522 manus
888 3468 983 3521 est
1010 3443 1084 3521 eff
1104 3459 1311 3520 cervix
1340 3478 1535 3535 caesa,
1562 3480 1679 3522 1100
1706 3450 1977 3541 unquam
2280 3474 2371 3520 120

1343 3558 1376 3605 4
