2734 4017
359 203 445 269 12
968 234 1042 281 D.
1087 237 1294 286 amm
1336 241 1749 295 JUVENALIS

352 393 388 424 “
412 388 478 450 Si
505 392 709 471 pudor
733 404 847 472 est,
875 406 941 459 et
968 400 1047 461 de
1073 404 1332 483 pulvino
1360 419 1572 489 surgat
1600 415 1871 493 equestri

355 484 547 565 Cujus
573 505 670 551 res
696 491 819 572 legi
847 515 972 556 non
1002 500 1241 576 sufficit,
1272 513 1337 564 et
1365 506 1622 567 sedeant
1652 509 1752 571 hic
2273 540 2367 587 155
2415 515 2420 522 ’

350 579 675 647 Lenonuni
698 591 875 670 pueri
905 612 1268 677 quocunque
1295 600 1360 660 in
1388 602 1619 665 fornice
1649 609 1799 685 nati,

349 677 475 739 Hic
501 682 760 761 plaudat
788 687 969 750 nitidi
996 696 1316 771 praeconis
1344 697 1507 762 filius
1533 702 1700 765 inter

348 775 669 860 Pinnirapi
696 784 894 846 cultos
926 787 1192 866 juvenes
1222 793 1611 880 juvenesque
1638 804 1951 871 lanistae.”

398 873 452 934 ic
479 875 724 939 libitum
754 901 915 943 vano
944 886 1050 964 qui
1079 908 1194 950 nos
1221 891 1510 957 distinxit
1539 898 1792 966 Othoni.
2186 951 2192 956 —

348 970 504 1042 Quis
529 995 722 1054 gener
747 978 848 1040 hic
874 973 1112 1062 placuit
1144 1006 1331 1051 censu
1359 992 1563 1056 minor
1591 1011 1776 1082 atque
1803 1007 2043 1085 puellae
2264 1026 2359 1072 16⁰

345 1068 680 1134 Sarcinulis
706 1074 905 1158 impar
923 1079 952 1138 ἰ’
993 1080 1129 1160 quis
1155 1104 1391 1168 pauper
1416 1094 1705 1159 scribitur
1728 1100 1906 1164 heres
1922 1105 1952 1164 ἰ’

345 1164 704 1253 Ωιιωιᾶοιίη
734 1176 990 1237 consilio
1019 1190 1115 1241 est
1142 1182 1471 1250 Aedilibus
1491 1192 1521 1251 Ρ
1599 1195 1871 1276 Agmine
1898 1202 2063 1264 facto

341 1262 702 1330 Debuerant
728 1270 875 1332 olim
904 1282 1123 1339 tenues
1148 1280 1446 1362 migrasse
1475 1286 1765 1361 Quirites.

340 1362 531 1424 Haud
558 1366 736 1427 facile
766 1384 1093 1454 emergunt
1122 1398 1385 1458 quorum
1411 1384 1745 1452 virtutibus
1773 1394 1980 1457 obstat

340 1459 468 1522 Res
497 1474 761 1545 angusta
789 1468 995 1532 domi:
1037 1475 1147 1536 sed
1173 1476 1414 1542 Romae
1442 1483 1653 1548 durior
1678 1489 1799 1552 illis
2160 1567 2164 1571 ,
2258 1513 2352 1560 165

341 1557 650 1638 Conatus;
690 1571 920 1646 magno
946 1569 1287 1653 hospitium
1313 1579 1676 1660 miserabile,
1703 1608 1931 1670 magno

340 1654 673 1731 Servorum
701 1675 950 1728 ventres
978 1678 1044 1730 et
1069 1670 1233 1760 frugi
1260 1665 1521 1740 coenula
1546 1702 1793 1765 magno,

339 1753 662 1820 Fictilibus
689 1780 947 1825 coenare
975 1768 1189 1847 pudet,
1217 1774 1385 1853 quod
1411 1786 1594 1858 turpe
1621 1785 1877 1863 negavit

334 1854 696 1920 Translatus
725 1862 930 1925 subito
958 1867 1038 1926 ad
1066 1867 1307 1931 Marsos
1333 1893 1732 1959 mensamque
1763 1881 2074 1945 Sabellam

336 1951 805 2039 Contentusque
834 1960 960 2024 illic
985 1975 1214 2028 veneto
1242 1968 1521 2051 duroque
1550 1977 1809 2038 cucullo,
1943 2007 1944 2010 ¹
2252 2001 2347 2048 170

331 2048 488 2112 Pars
514 2074 741 2136 magna
767 2058 988 2121 Italiae
1017 2072 1129 2137 est,
1157 2065 1209 2125 si
1235 2085 1453 2129 verum
1482 2070 1883 2149 admittimus,
1912 2076 1974 2135 in
2008 2096 2132 2157 qua

330 2146 536 2211 Nemo
563 2160 776 2240 togam
804 2158 994 2218 sumit
1020 2159 1141 2220 nisi
1167 2171 1464 2225 mortuus.
1546 2165 1691 2247 Ipsa
1719 2169 1957 2233 dierum
2053 2200 2058 2218 τ
2139 2176 2142 2179 ⁴

331 2248 658 2312 Festorum
686 2252 947 2316 herboso
975 2256 1200 2317 colitur
1226 2258 1276 2318 si
1306 2261 1555 2339 quando
1583 2264 1826 2328 theatro

326 2341 622 2424 Majestas
650 2351 1026 2433 tandemque
1053 2355 1217 2417 redit
1244 2357 1325 2417 ad
1351 2358 1594 2439 pulpita
1620 2371 1839 2424 notum

325 2437 655 2522 Exodium‚
683 2468 870 2529 quum
899 2472 1196 2531 personae
1223 2456 1513 2536 pallentis
1538 2459 1779 2523 hiatum
2244 2487 2339 2534 175

325 2536 400 2597 Iu
428 2544 666 2619 gremio
693 2548 906 2609 matris
935 2549 1225 2615 formidat
1252 2554 1519 2616 rusticus
1548 2556 1765 2635 infans,

315 2626 634 2717 'Aequales
662 2643 907 2707 habitus
933 2647 1060 2709 illic
1087 2650 1472 2733 similemque
1499 2654 1739 2717 videbis

323 2730 714 2800 Orchestram
746 2751 809 2802 et
836 2747 1167 2824 populum:
1208 2750 1358 2810 clari
1387 2751 1670 2814 velamen
1698 2755 1966 2834 honoris,

323 2833 648 2898 Sufficiunt
675 2839 921 2900 tunicae
950 2844 1204 2906 summis
1230 2845 1561 2911 Aedilibus
1589 2851 1782 2913 albae.

321 2932 442 2994 Hic
471 2935 634 2996 ultra
659 2936 819 2997 vires
847 2937 1095 3001 habitus
1122 2942 1325 3020 nitor3
1365 2946 1468 3007 hic
1497 2948 1728 3029 aliquid
1755 2952 1896 3030 plus
2239 2972 2331 3018 180

319 3028 526 3101 Quam
552 3032 700 3093 satis
727 3042 824 3094 est
850 3033 1166 3099 interdum
1195 3040 1397 3102 aliena
1424 3046 1689 3107 sumitur
1716 3067 1874 3110 arca.

317 3128 661 3190 Commune
688 3130 755 3190 id
783 3131 1005 3193 vitium
1033 3146 1161 3196 est:
1204 3138 1304 3199 hic
1330 3140 1602 3206 vivimus
1631 3147 1959 3210 ambitiosa

313 3223 692 3305 Paupertate
721 3247 951 3291 omnes.
1035 3230 1205 3303 Quid
1231 3243 1298 3295 te
1325 3256 1533 3298 moror
1551 3242 1581 3301 Ρ
1662 3242 1890 3306 Omnia
1916 3246 2155 3308 Romae

317 3321 476 3382 Cum
502 3323 720 3402 pretio·
804 3324 973 3397 Quid
1002 3328 1112 3389 das
1140 3338 1211 3391 ut
1242 3333 1501 3394 Cossum
1530 3336 1861 3417 aliquando
1890 3344 2120 3406 salutes
2138 3347 2169 3406 P

313 3416 419 3480 Ut·
438 3427 504 3479 te
531 3420 819 3499 respiciat
846 3423 1056 3484 clauso
1082 3424 1356 3488 Veiento
1383 3428 1610 3493 labello
1629 3434 1659 3494 *ι’
2230 3459 2323 3506 185
