2734 4017
336 182 420 248 84
637 171 646 184 ’
972 202 1044 250 D.
1075 203 1282 251 amm
1324 204 1739 253 JUVENALIS

334 364 555 438 “Quid
585 377 769 429 nocet
796 367 1042 429 haec?’'
1070 369 1289 449 inquit.
1370 370 1727 432 “Tunicam
1761 373 1913 434 mihi
1949 374 2115 435 malo
2148 374 2346 457 lupini

337 463 543 536 Quam
571 463 623 523 si
650 484 750 524 me
778 474 914 526 toto
943 465 1157 527 laudet
1185 466 1411 528 vicinia
1437 487 1599 548 pago

334 559 566 639 Exigui
592 561 749 622 ruris
775 562 1143 642 paucissima
1168 562 1329 623 farra
1356 565 1725 627 secantem.'’
1902 559 1925 578 ⁹
2250 583 2347 632 155

336 656 591 718 Scilicet
619 667 683 718 et
710 658 939 719 morbis
968 668 1032 719 et
1061 659 1381 721 debilitate
1409 662 1643 723 carebis

332 754 420 814 Et
446 754 684 814 luctum
713 764 778 816 et
805 774 1016 815 curam
1043 756 1313 837 effugies,
1342 768 1408 819 et
1434 767 1717 840 tempora
1742 762 1908 824 vitae

332 850 552 931 Longa
578 851 692 913 tibi
720 862 861 930 post
889 852 1041 913 haec
1068 853 1198 914 fato
1227 855 1481 917 meliore
1511 857 1840 935 dabuntur,

336 948 404 1008 Si
431 957 679 1009 tantum
708 950 860 1009 culti
889 951 1054 1010 solus
1082 952 1428 1030 possederis
1456 954 1588 1035 agri

335 1045 656 1119 Quantum
685 1047 798 1107 sub
826 1045 1011 1106 Tatio
1038 1050 1302 1128 populus
1330 1049 1648 1114 Romanus
1678 1054 1906 1115 arabat.
2253 1071 2349 1116 160

333 1139 486 1204 Mox
517 1143 704 1204 etiam
732 1143 938 1206 fractis
968 1155 1174 1207 aetate
1203 1167 1274 1209 ac
1300 1147 1542 1210 Punica
1566 1152 1762 1231 passis

332 1240 582 1301 Proelia
607 1241 711 1301 vel
738 1241 1048 1321 Pyrrhum
1078 1244 1414 1306 immanem
1439 1247 1799 1329 gladiosque
1827 1248 2130 1313 Molossos

334 1338 618 1398 Tandem
644 1359 757 1419 pro
786 1340 997 1401 multis
1026 1341 1132 1401 vix
1163 1342 1387 1423 jugera
1413 1343 1561 1404 bina
1587 1345 1895 1406 dabantur

333 1435 731 1497 Vulneribus.
812 1436 1053 1499 Merces
1081 1439 1232 1499 haec
1259 1440 1575 1520 sanguinis
1604 1450 1789 1522 atque
1817 1444 2040 1504 laboris

334 1534 541 1595 Nullis
569 1534 699 1595 visa
729 1555 998 1615 unquam
1025 1537 1261 1597 meritis
1289 1537 1491 1597 minor
1517 1549 1624 1599 aut
1649 1540 1929 1618 ingratae
2254 1557 2350 1602 165

336 1633 531 1695 Curta
556 1632 712 1694 fides
739 1633 991 1713 patriae.
1078 1633 1411 1695 Saturabat
1437 1634 1686 1715 glebula
1713 1637 1856 1698 talis

333 1731 587 1792 Patrem
614 1731 816 1811 ipsum
839 1731 1201 1810 turbamque
1229 1751 1426 1805 casae,
1455 1751 1576 1812 qua
1601 1732 1728 1793 feta
1756 1732 2009 1814 jacebat

334 1829 531 1905 Uxor,
560 1838 626 1890 et
652 1828 916 1889 infantes
943 1828 1242 1889 ludebant
1272 1839 1555 1909 quatuor,
1586 1851 1745 1892 unus

332 1926 629 2002 Vernula‚
659 1936 786 1988 tres
815 1925 1089 2001 domini;
1130 1926 1240 1985 sed
1268 1927 1510 2007 magnis
1538 1927 1828 1990 fratribus
1854 1928 2070 1990 horum

332 2025 395 2084 A
422 2025 636 2086 scrobe
665 2025 765 2084 vel
795 2024 964 2083 sulco
991 2023 1393 2084 redeuntibus
1421 2025 1615 2084 altera
1642 2043 1834 2085 coena
2251 2041 2348 2088 170

331 2121 622 2201 Amplior
648 2130 713 2182 et
738 2121 1005 2201 grandes
1031 2119 1353 2180 fumabant
1381 2121 1655 2200 pultibus
1683 2121 1858 2183 ollae.

332 2218 520 2279 Nunc
547 2218 768 2279 modus
797 2218 897 2277 hic
925 2215 1057 2296 agri
1086 2225 1296 2278 nostro
1323 2238 1450 2277 non
1480 2218 1701 2279 sufficit
1728 2219 1928 2280 horto.

331 2313 489 2375 Inde
517 2315 642 2376 fere
671 2315 966 2375 scelerum
998 2333 1251 2389 causae3
1289 2333 1406 2374 nec
1427 2313 1611 2400 vplura
1639 2334 1878 2375 venena

331 2411 585 2473 Miscuit
613 2420 721 2472 aut
747 2411 908 2472 ferro
935 2421 1250 2491 grassatur
1279 2411 1521 2491 saepius
1550 2409 1744 2472 ullum

333 2509 658 2572 Humanae
686 2510 911 2571 mentis
939 2509 1163 2570 vitium
1192 2528 1379 2589 quam
1408 2528 1592 2569 saeva
1619 2509 1846 2589 cupido
2248 2527 2345 2573 175

331 2606 655 2668 Immodici
684 2625 935 2681 census3
977 2625 1121 2667 nam
1150 2606 1324 2666 dives
1352 2605 1459 2685 qui
1485 2605 1618 2666 fieri
1646 2605 1800 2681 vult,

331 2703 418 2764 Et
443 2703 569 2764 cito
596 2704 732 2764 vult
758 2703 909 2763 fieri.
993 2702 1116 2763 Sed
1147 2722 1303 2783 quae
1330 2702 1682 2763 reverentia
1707 2702 1935 2783 legum,

332 2801 488 2874 Quis
514 2810 719 2861 metus
746 2808 854 2860 aut
881 2799 1083 2879 pudor
1110 2809 1203 2860 est
1231 2820 1506 2880 unquam
1533 2800 1920 2880 properantis
1948 2797 2165 2862 avari?

331 2906 367 2935 “
387 2898 606 2959 Vivite
635 2897 911 2959 contenti
938 2897 1159 2957 casulis
1187 2906 1252 2958 et
1280 2897 1540 2958 collibus
1565 2897 1717 2972 istis,

331 2994 387 3055 Ο
415 2994 640 3075 pueri,”
667 2994 910 3055 Marsus
938 2993 1184 3053 dicebat
1212 3001 1277 3053 et
1305 2993 1614 3055 Hernicus
1642 2995 1791 3055 olim
2242 2999 2336 3044 18⁰

329 3091 748 3171 Vestinusque
777 3110 1003 3165 senex3
1045 3096 1319 3169 “panem
1348 3110 1711 3169 quaeramus
1740 3101 1945 3152 aratro

330 3188 456 3262 Qui
485 3188 633 3249 satis
661 3197 755 3249 est
781 3188 1041 3248 mensis:
1084 3187 1344 3247 laudant
1372 3189 1490 3247 hoc
1515 3191 1770 3248 numina
1796 3190 1954 3250 ruris

331 3286 612 3359 Quorum
639 3304 756 3365 ope
785 3293 850 3345 et
879 3284 1106 3344 auxilio
1132 3292 1345 3363 gratae
1373 3294 1517 3363 post
1541 3304 1766 3345 munus
1795 3286 2020 3346 aristae

332 3382 724 3462 Contingunt
751 3381 985 3441 homini
1012 3379 1240 3441 veteris
1270 3377 1517 3440 fastidia
1544 3401 1818 3460 quercuS.
