2734 4017
294 215 377 280 94
927 229 999 277 D.
1031 228 1241 277 ‹Im-111
1283 226 1701 277 JUVENALIS

289 399 486 459 Arma
512 403 851 477 coegerunt
878 404 1010 456 tam
1037 394 1406 456 detestabile
1433 403 1777 454 monstrum

288 493 586 555 Audere?
666 491 856 553 Anne
890 492 1075 552 aliam
1105 502 1269 553 terra
1296 489 1709 570 Memphitide
1740 490 1902 551 sicca

290 591 600 652 Invidiam
628 589 902 650 facerent
932 587 1169 649 nolenti
1198 605 1449 668 surgere
1477 587 1627 647 Nilo
1643 586 1673 646 ⁴?

291 690 432 763 Qua
461 707 575 749 nec
601 685 908 748 terribiles
937 684 1191 759 Cimbri,
1219 704 1336 745 nec
1361 683 1652 744 Britones
1679 703 1970 763 unquam,

293 787 815 863 Sauromataeque
843 791 1051 842 truces
1080 791 1191 842 aut
1219 780 1518 842 immanes
1545 780 1906 860 Agathyrsi,
2204 795 2303 843 125

290 883 429 943 Hac
458 880 657 942 saevit
684 880 853 940 rabie
880 877 1130 940 imbelle
1161 885 1227 938 et
1252 876 1474 937 inutile
1500 875 1745 956 vulgus,

291 979 566 1040 Parvula
590 977 884 1039 fictilibus
911 974 1164 1037 solitum
1191 974 1341 1034 dare
1371 973 1513 1033 vela
1539 972 1804 1053 phaselis

289 1076 376 1137 Et
402 1075 694 1136 brevibus
720 1074 923 1155 pictae
951 1072 1137 1134 remis
1165 1070 1523 1132 incumbere
1550 1079 1769 1131 testae.

289 1170 428 1233 Nec
455 1191 719 1252 poenam
750 1169 964 1232 sceleri
990 1168 1285 1243 invenies,
1315 1186 1434 1229 nec
1462 1166 1653 1247 digna
1677 1167 1921 1248 parabis

292 1269 606 1349 Supplicia
630 1268 727 1329 his
752 1267 1014 1348 populis,
1040 1267 1109 1327 in
1136 1286 1401 1347 quorum
1428 1275 1639 1325 mente
1666 1284 1843 1344 pares
1869 1274 2016 1326 sunt
2207 1280 2305 1328 130

290 1365 377 1425 Et
406 1365 634 1426 similes
660 1365 752 1425 ira
779 1373 964 1443 atque
990 1364 1200 1425 fames.
1280 1361 1653 1426 Mollissima
1679 1361 1871 1422 eorda

289 1461 585 1523 Humano
612 1462 825 1541 generi
852 1461 999 1520 dare
1027 1479 1096 1521 se
1120 1470 1342 1522 natura
1367 1459 1604 1521 fatetur

292 1558 469 1631 Quae
496 1558 778 1620 lacrimas
806 1556 1015 1618 dedit:
1054 1558 1207 1619 haec
1233 1557 1432 1620 nostri
1459 1575 1603 1638 pars
1630 1554 1868 1636 optima
1893 1574 2123 1620 sensus.

291 1655 546 1716 Plorare
575 1675 721 1735 ergo
740 1655 923 1735 jubet
952 1674 1163 1715 casum
1190 1654 1462 1735 lugentis
1490 1653 1691 1728 amici,

295 1753 777 1833 Squaloremque
804 1751 911 1826 rei,
945 1751 1248 1832 pupillum
1276 1752 1355 1812 ad
1375 1751 1520 1831 jura
1547 1760 1881 1814 vocantem
2208 1765 2303 1814 135

294 1849 923 1930 circumscriptorem,
953 1849 1128 1929 cujus
1154 1849 1471 1909 manantia
1495 1850 1651 1911 fletu

291 1946 422 2006 Ora
448 1947 752 2026 puellares
779 1945 1014 2008 faciunt
1040 1945 1277 2007 incerta
1305 1946 1529 2026 capilli.

290 2043 574 2104 Naturae
602 2042 862 2123 imperio
890 2042 1212 2121 gemimus,
1242 2063 1435 2123 quum
1464 2044 1649 2106 funus
1676 2044 1929 2107 adultae

291 2140 574 2221 Virginis
602 2139 886 2210 occurrit,
913 2140 1015 2199 vel
1044 2148 1211 2200 terra
1239 2141 1551 2202 clauditur
1577 2142 1782 2205 infans

291 2236 379 2299 Et
407 2237 608 2297 minor
633 2236 777 2315 igne
805 2234 956 2316 rogi.
1038 2235 1194 2308 Quis
1221 2238 1387 2298 enim
1414 2238 1614 2301 bonus
1644 2250 1709 2302 et
1735 2240 1870 2304 face
1898 2239 2124 2322 dignus
2206 2255 2301 2302 14⁰

289 2335 558 2408 Arcana,
588 2335 834 2414 qualem
864 2332 1105 2394 Cereris
1131 2335 1271 2396 vult
1298 2355 1432 2398 esse
1461 2338 1764 2413 sacerdos,

291 2431 446 2493 Ulla
472 2430 671 2491 aliena
697 2430 816 2491 sibi
843 2431 1055 2493 credat
1082 2432 1290 2494 mala?
1375 2432 1637 2515 Separat
1663 2435 1782 2496 hoc
1808 2453 1923 2496 nos

290 2529 355 2588 A
381 2547 572 2608 grege
598 2537 930 2602 mutorum,
961 2538 1149 2610 atque
1177 2529 1321 2591 ideo
1349 2531 1705 2592 venerabile
1732 2531 1847 2593 soli

298 2624 514 2687 Sortiti
540 2625 878 2705 ingenium,
908 2625 1382 2707 divinorumque
1411 2647 1684 2708 capaces,

291 2723 505 2802 Atque
535 2722 895 2786 exercendis
923 2723 1362 2804 capiendisque
1391 2725 1626 2788 artibus
1655 2725 1806 2806 apti,
2208 2741 2303 2788 145

295 2819 561 2880 Sensum
589 2839 627 2880 a
653 2819 904 2880 caelesti
934 2819 1270 2882 demissum
1298 2821 1600 2884 traximus
1627 2842 1783 2898 arce,

295 2916 489 2996 Cujus
518 2926 705 2997 egent
732 2936 928 2996 prona
957 2926 1021 2979 et
1050 2925 1279 2980 terram
1306 2919 1669 2998 spectantia.
1755 2917 1984 2981 Mundi

292 3012 605 3093 Principio
632 3013 892 3075 indulsit
920 3014 1262 3075 communis
1290 3015 1575 3077 conditor
1601 3016 1723 3077 illis

292 3110 566 3171 Tantum
595 3111 849 3186 animas,
875 3110 1054 3172 nobis
1082 3110 1357 3172 animum
1386 3131 1647 3194 quoque,
1676 3120 1933 3176 mutuus
1959 3120 2028 3172 ut
2053 3131 2169 3173 nos

294 3206 576 3268 Affectus
604 3217 816 3287 petere
844 3206 1141 3268 auxilium
1169 3216 1234 3268 et
1260 3217 1574 3288 praestare
1592 3209 1862 3290 juberet,
2209 3222 2302 3269 150

291 3301 617 3384 Dispersos
642 3304 889 3364 trahere
916 3303 982 3363 in
1010 3303 1327 3383 populum,
1356 3305 1624 3386 migrare
1652 3314 1903 3367 vetusto

291 3399 390 3461 De
419 3421 669 3462 nemore
696 3410 762 3461 et
789 3400 1036 3479 proavis
1064 3401 1377 3462 habitatas
1405 3402 1682 3482 linquere
1711 3403 1914 3477 silva&
