2734 4017
1164 233 1440 285 sAzrmA
1481 236 1555 286 v.
2277 215 2362 279 23

1124 906 1451 970 SATIRA
1504 908 1586 971 V.

346 1086 496 1230 SI
525 1095 590 1148 te
616 1084 919 1167 propositi
944 1086 1223 1147 nondum
1251 1085 1449 1166 pudet
1477 1096 1663 1166 atque
1691 1086 1910 1147 eadem
1937 1091 2033 1146 est
2059 1103 2253 1159 mene,

520 1183 619 1246 Ut
644 1185 810 1245 bona
837 1203 1076 1245 summa
1101 1193 1283 1263 putes
1314 1184 1515 1243 aliena
1542 1184 1750 1244 vivere
1779 1183 2045 1263 quadra3

348 1280 415 1341 Si
444 1289 623 1360 potes
649 1281 756 1341 illa
782 1282 934 1362 pati,
963 1300 1120 1361 quae
1149 1300 1265 1340 nec
1296 1280 1659 1342 Sarmentus
1685 1280 1927 1362 iniquas

349 1377 628 1438 Caesaris
658 1377 739 1437 ad
766 1396 1028 1451 mensas,
1055 1397 1172 1438 nec
1199 1377 1340 1437 vilis
1370 1377 1571 1438 Galba
1598 1379 1859 1453 tulisset,

348 1473 651 1545 Quamvis
681 1474 894 1554 jurato
923 1482 1198 1534 metuam
1225 1473 1343 1534 tibi
1373 1474 1622 1535 credere
1649 1475 1817 1537 testi.
2330 1487 2361 1534 5

346 1570 587 1632 Ventre
616 1571 769 1631 nihil
796 1571 945 1631 novi
971 1571 1286 1651 frugalius.
1370 1570 1513 1632 Hoc
1540 1581 1749 1633 tamen
1776 1573 1979 1652 ipsum

347 1667 661 1729 Defecisse
690 1677 843 1748 puta
870 1668 1038 1748 quod
1066 1668 1237 1728 inani
1266 1668 1488 1729 sufficit
1519 1670 1659 1730 alvo
1685 1689 1700 1729 ε

346 1764 541 1827 Nulla
569 1764 819 1844 crepido
848 1774 1028 1825 vacat
1048 1765 1079 1824 1³
1118 1785 1423 1845 nusquam
1451 1786 1609 1847 pons
1636 1774 1702 1827 et
1728 1767 1954 1846 tegetis
1981 1785 2120 1847 pars

345 1861 624 1923 Dimidia
649 1861 896 1922 brevior
914 1862 944 1922 ’ἒ
983 1861 1225 1922 tantine
1253 1862 1478 1942 injuria
1506 1881 1734 1923 coenae
1754 1863 1785 1923 ⁴?

347 1959 505 2020 Tam
528 1959 746 2040 jejuna
772 1959 981 2033 fames,
1008 1959 1205 2039 possis
1235 1979 1378 2020 cum
1404 1960 1723 2021 honestius
1751 1961 1877 2022 illic
2300 1975 2361 2020 10

346 2055 433 2118 Et
460 2064 724 2117 tremere
755 2064 820 2117 et
848 2056 1061 2117 sordes
1088 2056 1264 2116 farris
1293 2056 1576 2117 mordere
1605 2058 1855 2117 canini?

426 2153 639 2214 Primo
666 2153 789 2234 fige
817 2150 973 2229 loeo,
1004 2153 1169 2233 quod
1198 2162 1273 2213 tu
1302 2152 1686 2214 discumbere
1718 2155 1927 2236 jussus

346 2250 704 2311 Mercedem
731 2250 993 2311 solidam
1020 2260 1306 2311 veterum
1335 2251 1500 2331 capis
1530 2252 1885 2314 officiorum.

347 2348 616 2410 Fructus
645 2348 949 2408 amicitiae
979 2368 1238 2428 magnae
1270 2347 1479 2408 cibus:
1520 2348 1788 2428 imputat
1815 2351 1981 2412 hunc
2008 2369 2132 2425 rex,

346 2445 433 2508 Et
460 2446 741 2527 quamvis
768 2465 976 2505 rarum
1005 2454 1217 2506 tamen
1244 2446 1532 2525 imputat.
1614 2446 1784 2526 Ergo
1814 2447 1969 2507 duos
1995 2458 2139 2527 post
2296 2464 2357 2508 15

349 2544 417 2604 Si
443 2542 626 2604 libuit
656 2562 899 2603 menses
927 2543 1284 2624 neglectum
1315 2543 1604 2603 adhibere
1633 2544 1943 2618 clientem,

346 2640 560 2701 Tertia
586 2660 665 2701 ne
692 2660 888 2701 vacuo
919 2649 1184 2702 cessaret
1212 2640 1439 2701 culcita
1466 2640 1657 2715 lecto,-

349 2746 382 2775 “
401 2742 545 2801 Una
572 2739 813 2814 simus,”
847 2740 950 2800 aita
1035 2738 1349 2800 Votorum
1376 2757 1649 2798 summa:
1691 2737 1839 2819 quid
1869 2739 2031 2798 ultra

347 2836 607 2908 Quaeris
625 2839 656 2897 ⁸?
736 2837 946 2899 Habet
975 2836 1238 2897 Trebius
1272 2844 1526 2915 propter
1559 2835 1728 2916 quod
1759 2854 2043 2916 rumpere
2077 2854 2357 2897 somnum

345 2932 592 2995 Debeat
621 2945 686 2997 et
712 2936 934 3016 ligulas
964 2933 1274 2994 dimittere
1305 2933 1603 2993 sollicitus
1630 2952 1710 2992 ne
2297 2948 2360 2992 20

347 3030 512 3092 Tota
538 3033 861 3094 salutatrix
884 3033 1017 3113 jam
1048 3031 1230 3092 turba
1255 3030 1564 3110 peregerit
1592 3031 1804 3090 orbem

350 3129 666 3192 Sideribus
696 3131 914 3204 dubiis,
944 3139 1053 3191 aut
1079 3130 1186 3190 illo
1215 3139 1493 3208 tempore
1522 3148 1644 3207 quo
1673 3147 1738 3189 se

347 3225 603 3308 Frigida
632 3228 1060 3307 circumagunt
1088 3226 1246 3307 pigri
1276 3245 1516 3286 sarraca
1541 3224 1799 3286 Bootae.

349 3323 564 3396 Qualis
593 3344 786 3385 coena
812 3332 1024 3383 tamen
1042 3324 1073 3382 ’ἓ
1159 3323 1392 3383 Vinum
1424 3321 1589 3401 quod
1620 3323 1834 3382 sucida
1861 3323 2019 3383 nolit

348 3419 519 3482 Lana
545 3422 708 3503 pati:
751 3422 829 3481 de
859 3421 1121 3481 conviva
1151 3420 1511 3499 Corybanta
1539 3419 1795 3480 videbis.
2294 3434 2356 3479 25
