2734 4017
1185 258 1462 311 sAmA
1505 258 1635 308 xv.
2325 237 2407 301 91

381 435 493 497 De
526 433 872 512 Corcyraea
899 437 1204 492 temetum
1232 427 1502 487 duxerat
1528 443 1722 499 urna3
2345 434 2411 481 25

390 534 582 595 Solus
610 530 774 592 enim
802 530 924 592 hoc
952 527 1206 587 Ithacus
1233 524 1407 584 nullo
1436 522 1552 583 sub
1578 529 1742 582 teste
1772 519 2052 581 canebat.

389 631 534 690 Nos
558 626 844 689 miranda
873 624 1124 706 quidem
1153 622 1262 683 sed
1294 639 1493 699 nuper
1519 618 1789 680 Consule
1815 616 1859 677 J
1862 616 2011 677 unio

391 729 591 789 Gesta
618 743 801 805 super
828 722 1066 784 calidae
1093 719 1430 780 referemus
1457 714 1704 778 moenia
1734 713 1938 793 Copti,

393 826 535 885 Nos
561 822 739 903 vulgi
767 821 966 882 scelus
995 827 1062 879 et
1090 814 1331 878 cunctis
1356 812 1646 893 graviora
1680 810 2013 872 cothurnis.

393 923 565 982 Nam
595 920 811 991 scelus,
838 933 878 977 a
904 915 1150 996 Pyrrha
1171 929 1526 994 quanquam
1555 908 1763 970 omnia
1789 915 2063 986 syrmata
2088 907 2322 982 volvas,
2352 921 2414 969 30

393 1018 628 1079 Nullus
655 1015 820 1096 apud
849 1013 1122 1094 tragicos
1150 1008 1418 1090 populus
1445 1004 1613 1068 facit.
1670 1003 1934 1088 'Accipe
1960 1013 2175 1068 nostro

393 1116 554 1176 Dira
582 1114 747 1195 quod
777 1111 1131 1190 exemplum
1159 1105 1373 1168 feritas
1399 1101 1768 1185 produxerit
1796 1120 1969 1162 aevo.

478 1210 658 1272 Inter
681 1208 978 1270 finitimos
1005 1214 1188 1270 vetus
1219 1213 1408 1283 atque
1438 1198 1695 1278 antiqua
1722 1196 2020 1270 simultas,

398 1307 762 1370 Immortale
790 1307 1004 1367 odium
1032 1312 1098 1368 et
1127 1319 1446 1381 nunquam
1479 1296 1752 1360 sanabile
1779 1295 2005 1356 vulnus

398 1406 607 1466 Ardet
636 1404 855 1477 adhuc,
883 1402 1119 1464 Ombos
1148 1409 1215 1462 et
1245 1398 1547 1477 Tentyra.
1636 1394 1929 1457 Summus
1955 1392 2244 1474 utrinque
2352 1404 2417 1453 35

400 1502 561 1563 Inde
588 1502 757 1562 furor
782 1500 973 1580 vulgo
1002 1498 1172 1579 quod
1200 1496 1462 1558 numina
1491 1492 1838 1556 vicinorum

403 1599 560 1660 Odit
589 1606 846 1678 uterque
873 1597 1063 1670 locus,
1094 1614 1287 1675 quum
1316 1594 1482 1655 solos
1513 1590 1729 1651 credat
1757 1587 2077 1651 habendos

401 1696 558 1760 Esse
586 1695 738 1756 deos
765 1713 918 1774 quos
944 1691 1075 1773 ipse
1104 1692 1274 1754 colit.
1361 1690 1490 1753 Sed
1519 1699 1800 1768 tempore
1827 1687 1988 1750 festo

404 1792 687 1854 Alterius
714 1791 926 1872 populi
953 1789 1250 1870 rapienda
1280 1787 1522 1851 occasio
1554 1786 1794 1848 cunctis

405 1891 565 1955 Visa
590 1889 977 1955 inimicorum
1003 1886 1373 1967 primoribus
1404 1905 1477 1947 ac
1506 1885 1786 1961 ducibus,
1815 1904 1895 1946 ne
2355 1898 2418 1944 40

407 1987 674 2048 Laetum
699 1986 1076 2065 hilaremque
1105 1984 1288 2058 diem,
1316 2002 1398 2044 ne
1427 2002 1691 2064 magnae
1719 1984 1950 2064 gaudia
1975 2003 2203 2046 coenae

411 2084 747 2158 sentirent,
776 2082 993 2163 positis
1020 2081 1102 2141 ad
1130 2082 1365 2161 templa
1392 2090 1459 2144 et
1489 2083 1760 2163 compita
1792 2084 2019 2145 mensis

409 2180 829 2260 Pervigilique
856 2188 1012 2252 toro,
1042 2198 1226 2258 quem
1255 2188 1441 2240 nocte
1472 2197 1545 2241 ac
1572 2181 1711 2242 lnce
1728 2182 2048 2261 jacentem

410 2278 725 2357 Septimus
751 2275 1065 2336 interdum
1091 2275 1183 2335 sol
1212 2275 1470 2337 invenit.
1554 2277 1828 2340 Horrida
1854 2298 2002 2340 sane

408 2375 775 2454 Aegyptus3
814 2372 924 2433 sed
951 2372 1213 2448 luxuria,
1250 2384 1551 2454 quantum
1582 2376 1712 2457 ipse
1740 2377 1974 2453 notavi,
2353 2391 2418 2437 45

409 2470 684 2531 Barbara
709 2470 945 2532 famoso
971 2489 1097 2530 non
1128 2470 1297 2532 cedit
1326 2472 1511 2533 turba
1542 2473 1816 2554 Canopo.

408 2567 596 2628 Adde
626 2567 795 2647 quod
821 2575 887 2627 et
911 2566 1109 2629 facilis
1139 2568 1401 2630 victoria
1421 2570 1500 2631 de
1531 2571 1799 2633 madidis
1828 2580 1893 2633 et

410 2664 648 2726 Blaesis
674 2672 862 2744 atque
887 2684 1060 2725 mero
1090 2665 1527 2729 titubantibus.
1608 2667 1766 2731 Inde
1795 2670 2069 2732 virorum

413 2761 691 2822 Saltatus
717 2760 898 2842 nigro
927 2761 1200 2838 tibicine,
1230 2764 1681 2846 qualiacunque

414 2856 760 2937 Unguenta
790 2866 855 2922 et
879 2858 1063 2922 flores
1088 2860 1445 2941 multaeque
1477 2861 1540 2921 in
1569 2862 1771 2926 fronte
1800 2882 2098 2939 coronae3
2361 2878 2424 2924 50

411 2952 579 3016 Hinc
596 2955 886 3036 jejunum
916 2956 1149 3018 odium.
1234 2958 1360 3020 Sed
1380 2958 1591 3039 jurgia
1617 2960 1816 3039 prima
1843 2980 2062 3022 sonare

412 3051 730 3133 Incipiunt
759 3053 980 3118 animis
1009 3054 1406 3131 ardentibus3
1446 3056 1600 3118 haec
1627 3057 1781 3118 tuba
1806 3058 1995 3120 rixae.

413 3146 578 3211 Dein
607 3150 874 3216 clamore
899 3152 1035 3232 pari
1062 3152 1465 3226 concurritur,
1495 3161 1561 3216 et
1588 3153 1723 3214 vice
1752 3153 1864 3216 teli

415 3244 630 3307 Saevit
657 3248 827 3308 nuda
851 3268 1104 3310 manus:
1146 3268 1380 3330 paucae
1409 3249 1542 3311 sine
1567 3250 1823 3313 vulnere
1850 3253 2087 3328 malae3

413 3340 542 3401 Vix
571 3343 858 3423 cuiquam
887 3354 996 3408 aut
1022 3345 1179 3408 nulli
1204 3355 1343 3412 toto
1372 3346 1707 3408 certamine
1733 3367 1920 3409 nasus
2358 3362 2423 3406 55

414 3439 685 3520 Integer.
767 3439 1100 3523 Aspiceres
1118 3442 1255 3521 jam
1284 3452 1510 3503 cuncta
1535 3462 1648 3523 per
1676 3444 1921 3523 agmina
1948 3446 2162 3507 vultus
