2734 4017
407 210 491 275 54
1016 229 1089 276 D.
1120 230 1326 277 JUNII
1369 230 1782 279 JUVENALIS

404 392 668 455 Distulit
696 403 882 475 atque
911 414 1053 456 suos
1069 394 1206 475 jam
1233 396 1455 457 dextra
1482 405 1807 477 computat
1834 416 2030 457 annos

405 491 650 570 Quique
680 512 914 552 novum
939 493 1126 553 toties
1154 502 1430 553 mustum
1455 493 1633 554 bibit.
1714 493 1844 554 Oro
1871 513 2202 575 parumper

403 587 739 663 Attendas,
767 597 1074 669 quantum
1102 589 1180 649 de
1208 590 1451 670 legibus
1483 589 1616 669 ipse
1645 601 1939 670 queratur

406 684 708 745 Fatorum
735 692 800 746 et
827 686 1020 747 nimio
1049 686 1127 745 de
1156 687 1437 761 stamine,
1467 707 1660 767 quum
1687 687 1864 748 videt
1892 690 2048 751 acris

405 783 729 844 Antilochi
755 784 1012 845 barbam
1044 784 1398 859 ardentem3
1441 804 1633 864 quum
1662 785 1902 868 quaerit
1930 786 2009 847 ab
2035 786 2223 861 omni,

407 879 701 959 Quisquis
728 880 906 942 adest
933 882 1151 956 socius,
1179 901 1288 941 cur
1313 880 1468 942 haec
1493 881 1558 941 in
1586 890 1870 963 tempora
1897 884 2097 959 duret,

407 977 593 1051 Quod
622 977 857 1039 facinus
885 978 1144 1059 dignum
1170 988 1302 1038 tam
1329 978 1521 1059 longo
1550 980 1868 1041 admiserit
1896 1000 2068 1041 aevo·

406 1074 585 1135 Haec
612 1074 831 1135 eadem
857 1075 1101 1150 Peleus,
1131 1084 1379 1155 raptum
1408 1096 1597 1157 quum
1626 1076 1802 1158 luget
1828 1077 2155 1149 Achillem,

405 1171 619 1252 Atque
647 1171 820 1246 aliua,
847 1172 948 1233 cui
974 1173 1066 1233 fas
1092 1172 1380 1234 Ithacum
1409 1175 1621 1255 lugere
1650 1184 1991 1236 natantem.

405 1268 715 1330 Incolumi
732 1269 941 1349 'Troja
968 1269 1254 1332 Priamus
1279 1272 1551 1333 venisset
1578 1272 1661 1333 ad
1687 1274 1935 1334 umbras

404 1366 696 1432 Assaraci
722 1366 963 1447 magnis
991 1368 1385 1444 solemnibus,
1413 1370 1689 1431 Hectore
1713 1370 1898 1431 funus

406 1463 712 1526 Portante
740 1483 813 1526 ac
838 1465 1090 1546 reliquis
1115 1467 1374 1527 flatrum
1405 1467 1744 1528 cervicibus
1771 1468 1934 1528 inter

405 1561 678 1622 Iliadum
704 1562 1004 1639 lacrimaS,
1034 1572 1107 1624 ut
1131 1564 1361 1645 primos
1391 1565 1574 1625 edere
1600 1564 1889 1644 planctus

410 1660 757 1724 Cassandra
784 1660 1084 1748 inciperet
1111 1661 1417 1742 scissaque
1445 1660 1770 1741 Polyxena
1795 1661 1979 1741 palla,

410 1759 478 1821 Si
504 1758 667 1822 foret
694 1759 1037 1820 exstinctus
1065 1758 1308 1819 diverso
1334 1768 1634 1839 tempore,
1662 1779 1785 1838 quo
1811 1778 1939 1818 non

409 1858 717 1939 Coeperat
745 1856 1010 1917 audaces
1038 1855 1216 1918 Paris
1249 1856 1574 1916 aedificare
1607 1856 1859 1917 carinas.

406 1956 625 2038 Longa
652 1955 786 2017 dies
812 1953 1005 2035 igitur
1030 1952 1180 2033 quid
1209 1952 1519 2015 contulit?
1558 1953 1767 2015 omnia
1792 1953 1955 2013 vidit

406 2052 644 2115 Eversa
668 2063 734 2114 et
763 2052 1027 2114 flammis
1055 2049 1269 2111 Asiam
1296 2050 1576 2131 ferroque
1604 2050 1947 2111 cadentem.

405 2152 588 2214 Tunc
613 2152 792 2213 miles
820 2148 1120 2211 tremulus
1146 2148 1350 2229 posita
1379 2148 1525 2208 tulit
1553 2166 1724 2207 arma
1749 2146 1908 2207 tiara

407 2249 494 2310 Et
520 2250 646 2311 ruit
674 2258 818 2310 ante
847 2266 1016 2308 aram
1041 2245 1264 2307 summi
1289 2246 1332 2307 J
1335 2245 1488 2320 ovis,
1515 2253 1589 2306 ut
1614 2244 1862 2306 vetulus
1890 2244 2019 2318 boe,

408 2347 535 2420 Qui
562 2345 800 2407 domini
826 2344 1040 2407 cultris
1069 2353 1258 2405 tenue
1288 2352 1352 2403 et
1379 2341 1724 2402 miserabile
1752 2342 1984 2403 collum

406 2444 677 2506 Praebet
704 2444 784 2505 ab
810 2442 1058 2523 ingrato
1076 2442 1209 2521 jam
1237 2439 1551 2501 fastiditus
1580 2448 1802 2499 aratro.

405 2542 634 2604 Exitus
658 2540 764 2603 ille
791 2549 1107 2619 utcunque
1135 2538 1438 2613 hominis;
1479 2536 1592 2597 sed
1618 2545 1799 2598 torva
1826 2534 2048 2595 canino

406 2637 690 2700 Lati-avit
715 2637 877 2698 rictu
905 2656 1061 2717 quae
1090 2645 1232 2716 post
1259 2638 1427 2696 hunc
1453 2634 1696 2694 vixerat
1723 2651 1896 2693 uxor.

407 2736 667 2797 Festino
693 2734 773 2796 ad
801 2742 1043 2795 nostros
1071 2744 1136 2794 et
1164 2753 1378 2813 regem
1404 2741 1653 2793 transeo
1681 2729 1875 2791 Ponti

407 2832 495 2895 Et
524 2832 838 2905 Croesum,
861 2850 1045 2911 quem
1071 2850 1195 2890 vox
1212 2829 1371 2910 justi
1397 2828 1665 2890 facunda
1694 2826 1941 2889 Solonis

409 2929 739 3007 Respicere
769 2928 848 2989 ad
875 2927 1096 3008 longae
1116 2927 1303 3006 jussit
1330 2927 1531 3006 spatia
1558 2926 1779 2986 ultima
1803 2924 1990 2986 vitae.

413 3027 717 3088 Exsilium
745 3034 810 3087 et
837 3045 1045 3087 carcer
1069 3024 1651 3103 Minturnarumque
1679 3023 1940 3104 paludes

409 3123 497 3183 Et
525 3120 909 3184 mendicatus
933 3121 1103 3181 victa
1131 3121 1507 3200 Carthagine
1534 3120 1711 3200 panis

415 3223 578 3279 Hinc
605 3237 820 3280 causas
846 3218 1132 3278 habuere.
1213 3216 1383 3289 Quid
1411 3218 1518 3277 illo
1547 3217 1680 3277 cive
1708 3217 1953 3277 tulisset

413 3319 656 3379 Natura
679 3317 746 3377 in
774 3314 971 3390 terris,
1001 3314 1151 3394 quid
1180 3313 1383 3373 Roma
1409 3313 1651 3374 beatius
1679 3333 1968 3393 unquam,

417 3415 481 3475 Si
509 3413 929 3475 circumducto
957 3410 1341 3491 captivorum
1371 3410 1615 3490 agmine
1644 3420 1708 3470 ct
1736 3410 1906 3470 omni

255 3566 409 3587 *Ὠ

2320 511 2413 556 250

2323 996 2415 1040 255

2325 1480 2422 1526 200

2322 1966 2421 2013 266

2322 2453 2421 2500 270

2322 2939 2421 2985 275

2323 3426 2419 3472 280
