2734 4017
330 216 369 279 2
923 234 994 281 D.
1042 235 1248 284 JUNH
1291 238 1705 288 JUVENALIS

327 398 537 468 Quum
563 408 740 460 tener
766 420 1020 461 uxorem
1049 403 1235 464 ducat
1261 406 1493 485 spad03
1534 405 1783 467 Maevia
1811 405 2082 470 Tuscum

325 496 511 575 Figat
539 516 754 576 aprum
783 507 846 558 et
874 498 1043 558 nuda
1068 510 1284 563 teneat
1312 503 1618 563 venabula
1644 523 1950 580 mamma3

323 592 627 654 Patricios
654 614 868 654 omnes
898 596 1117 674 opibus
1145 618 1337 678 quum
1363 610 1660 679 provocet
1689 620 1864 671 unus

265 742 274 754 ,
324 689 465 761 Quo
494 690 794 751 tondente
821 693 1026 771 gravis
1045 693 1267 773 juveni
1293 697 1447 756 mihi
1475 697 1664 757 barba
1692 698 1989 773 sonabat3
2272 714 2335 761 25

323 787 535 857 Quum
561 808 701 867 pars
729 788 1009 850 Niliacae
1037 792 1251 871 plebis,
1282 813 1473 873 quum
1500 815 1690 855 verna
1718 793 1956 875 Canopi

324 884 655 962 Crispinus,
683 885 904 965 Tyrias
931 887 1188 949 humero
1218 900 1550 951 revocante
1579 891 1871 965 lacernas,

321 980 607 1042 Ventilet
634 984 936 1043 aestivum
967 983 1178 1064 digitis
1206 986 1571 1048 sudantibus
1599 1007 1832 1061 aurum,

321 1078 385 1137 N
387 1096 457 1137 ec
485 1079 734 1139 sufferre
766 1090 951 1159 queat
980 1082 1226 1160 majoris
1255 1084 1529 1161 pondera
1554 1103 1870 1163 gemmae:

319 1172 584 1258 Difficile
613 1185 706 1236 est
734 1177 986 1256 satiram
1014 1179 1448 1258 chribere.
1530 1180 1698 1240 Nam
1729 1181 1863 1261 quis
1891 1182 2138 1263 iniquae
2272 1198 2336 1245 30

321 1271 480 1332 Tam
507 1274 749 1353 patiens
779 1273 988 1348 Urbis,
1018 1285 1147 1335 tam
1175 1276 1425 1351 ferreus,
1458 1288 1528 1339 ut
1553 1286 1765 1339 teneat
1793 1299 1874 1354 se,

323 1370 631 1431 Causidici
659 1391 825 1431 nova
851 1391 1041 1450 quum
1070 1372 1279 1433 veniat
1309 1374 1530 1434 lectica
1556 1373 1873 1437 Mathonis

320 1467 519 1528 Plena
543 1468 716 1550 ips03
758 1481 901 1550 post
928 1473 1091 1531 hunc
1120 1471 1328 1550 magni
1357 1472 1598 1532 delator
1626 1472 1807 1534 amici

321 1565 413 1627 Et·
435 1565 558 1628 cito
587 1578 870 1648 rapturus
899 1569 977 1629 de
1007 1569 1329 1629 nobilitate
1359 1589 1604 1631 comesa

322 1663 507 1736 Quod
537 1676 848 1747 superest·
833 1711 850 1742 ,
884 1687 1069 1747 quem
1089 1667 1297 1728 Massa
1317 1666 1514 1741 timet,
1538 1688 1721 1749 quem
1742 1688 1995 1730 munere
2014 1669 2227 1751 palpat
2267 1684 2331 1733 35

323 1764 518 1825 Carus
546 1774 610 1825 et
638 1784 675 1825 a
700 1766 947 1845 trepido
977 1765 1279 1846 Thymele
1307 1767 1630 1828 summissa
1656 1765 1918 1828 Latino·
1901 1812 1919 1842 ,

251 1844 343 1948 s
322 1863 530 1935 Quum
557 1873 621 1925 te
650 1885 931 1925 summov
936 1876 1081 1925 eant
1109 1864 1213 1945 qui
1243 1874 1619 1926 testamenta
1647 1875 1962 1926 merentur

319 1959 688 2037 NoctibuS,
671 1984 736 2023 m
764 1965 1002 2025 caelum
1030 1984 1183 2043 quos
1211 1963 1419 2023 evehit
1448 1962 1682 2042 optima
1710 1962 1933 2023 summi

319 2056 509 2120 Nunc
538 2060 639 2119 via
664 2080 1000 2139 processus,
1032 2061 1275 2120 vetulae
1304 2059 1507 2119 vesica
1534 2059 1751 2119 beatae
1769 2061 1798 2118 ⁴?

320 2155 653 2217 Unciolam
683 2157 1042 2236 Proculeius
1069 2157 1274 2230 habet,
1305 2155 1414 2216 sed
1444 2155 1609 2216 Gillo
1638 2156 1957 2229 deuncem,
2265 2171 2330 2218 40

321 2252 538 2314 Partes
568 2254 824 2335 quisque
855 2274 994 2314 suas
1023 2253 1102 2313 ad
1130 2272 1479 2313 mensuram
1507 2251 1775 2333 inguinis
1801 2240 2030 2335 heres)

321 2351 606 2431 Accipiat
633 2372 779 2412 sane
807 2351 1154 2412 mercedem
1184 2350 1516 2462 sanguinis,
1546 2360 1612 2411 et
1640 2349 1728 2411 sic

320 2448 390 2507 Ρ
381 2449 562 2509 nlleat
590 2459 660 2510 ut
689 2449 869 2510 nudis
897 2448 1119 2530 pressit
1148 2449 1251 2529 qui
1280 2448 1545 2509 calcibus
1574 2468 1860 2529 anguem,

320 2547 454 2606 Aut
482 2544 962 2626 Lugdunensem
989 2548 1199 2608 1het0r
1227 2547 1502 2607 dicturus
1530 2546 1606 2605 ad
1639 2566 1823 2606 aram.

320 2643 486 2714 Quid
517 2645 773 2705 referam
801 2654 1032 2726 quanta
1059 2644 1287 2705 siccum
1306 2643 1486 2722 jecur
1514 2642 1763 2703 ardeat
1748 2662 1855 2715 ira,
2263 2655 2329 2701 45

320 2739 529 2811 Quum
556 2743 852 2822 populum
881 2741 1170 2823 gregibus
1197 2740 1495 2800 comitum
1521 2739 1746 2818 premit
1772 2737 1873 2798 hic
1901 2735 2194 2817 spoliator

318 2835 549 2916 Pupilli
575 2839 928 2918 prostantis,
959 2849 1024 2900 et
1049 2837 1150 2898 hic
1181 2836 1555 2896 damnatus'
1539 2835 1705 2896 mani

315 2933 360 2994 J
364 2935 566 2996 udicio
599 2936 774 3015 (quid
805 2935 968 2996 enim
999 2934 1182 2997 salvis
1210 2932 1463 2993 infamia
1491 2932 1756 2992 nummis
1772 2931 1829 3011 P)

317 3030 513 3091 Exsul
543 3033 619 3093 ab
649 3042 870 3093 octava
896 3032 1130 3092 Marius
1159 3030 1315 3091 bibit
1344 3038 1410 3089 et
1436 3028 1659 3090 fruitur
1686 3028 1781 3090 dis

317 3127 535 3204 Iratis;
580 3138 645 3188 at
672 3139 759 3203 tu,
789 3129 1013 3189 victrix
1041 3127 1377 3208 provincia,
1405 3126 1627 3206 ploras.
2262 3140 2326 3186 5⁰

318 3225 493 3286 Haec
522 3246 638 3307 ego
666 3246 792 3286 non
822 3226 1069 3286 credam
1096 3224 1421 3285 Venusina
1448 3223 1639 3303 digna
1665 3225 1915 3284 lucerna
1935 3223 1964 3282 Ῥ

318 3322 493 3384 Haec
522 3344 637 3404 ego
665 3344 791 3383 non
820 3323 1050 3403 agitem
1069 3324 1098 3383 *Ρ
1169 3322 1293 3381 Sed
1323 3320 1471 3400 quid
1502 3322 1699 3401 magis
1728 3320 2059 3381 Heracleas

316 3420 452 3480 Aut
481 3419 856 3499 Diomedeas
884 3430 992 3481 aut
1020 3418 1328 3501 mugitum
1355 3416 1725 3499 Labyrinthi
