2734 4017
1118 171 1392 222 SATIBA
1433 170 1570 219 xn.

1087 922 1415 988 SATIRA
1465 920 1621 985 XII.

501 1116 795 1193 ATALI,
825 1119 1109 1194 Oorvine,
1137 1119 1238 1181 die
1267 1119 1421 1180 mihi
1448 1117 1686 1179 dulcior
1710 1116 1866 1177 haec
1890 1114 2018 1187 lux,

557 1216 701 1289 Qua
725 1216 918 1278 festus
944 1217 1243 1297 promissa
1270 1216 1405 1277 deis
1433 1214 1720 1276 animalia
1746 1231 1994 1292 caespes

339 1313 703 1394 Exspectat.
782 1313 1054 1374 Niveam
1082 1313 1361 1394 Reginae
1392 1312 1676 1374 ducimus
1702 1329 1963 1391 agnam;

340 1411 469 1471 Par
496 1410 694 1471 vellus
722 1410 972 1470 dabitur
996 1410 1303 1492 pugnanti
1332 1410 1626 1489 Gorgone
1652 1407 1903 1468 Maura:

345 1508 474 1570 Sed
499 1507 718 1589 procul
746 1517 1071 1570 extensum
1099 1507 1390 1588 petulans
1419 1506 1621 1587 quatit
1649 1505 1854 1567 hostia
1878 1504 2089 1565 funem

342 1604 613 1685 Tarpeio
641 1614 887 1665 servata
909 1605 955 1667 J
956 1605 1060 1666 ovi
1087 1605 1478 1685 frontemque
1505 1612 1825 1677 coruscat3

346 1703 595 1783 Quippe
624 1702 796 1763 ferox
825 1702 1076 1778 vitulus,
1106 1702 1357 1782 templis
1384 1711 1665 1763 maturus
1693 1712 1757 1761 et
1787 1719 1928 1759 arae

347 1800 867 1881 Spargendusque
896 1820 1084 1875 mero,
1113 1821 1297 1881 quem
1325 1800 1460 1880 jam
1487 1800 1683 1880 pudet
1711 1799 1900 1859 ubera
1926 1797 2141 1859 matris

343 1897 608 1971 Ducere,
638 1898 746 1978 qui
773 1907 963 1959 vexat
991 1898 1271 1960 nascenti
1297 1897 1522 1958 robora
1549 1916 1759 1957 cornu.

347 1994 416 2055 Si
443 2014 542 2054 res
570 1995 776 2075 ampla
804 1994 978 2056 domi
1004 1995 1342 2075 similisque
1373 1993 1692 2055 affectibus
1720 2002 1900 2067 esset,

346 2091 648 2172 Pinguior
675 2092 967 2173 Hispulla
995 2095 1346 2155 traheretur
1372 2100 1586 2154 taurus
1614 2101 1679 2152 et
1704 2093 1841 2172 ipsa

346 2188 514 2249 Mole
542 2190 736 2271 piger,
763 2212 880 2253 nec
906 2192 1173 2254 finitima
1198 2191 1470 2253 nutritus
1499 2192 1562 2251 in
1590 2191 1797 2265 herba,

348 2285 543 2347 Laeta
567 2288 679 2348 sed
706 2290 1042 2352 ostendens
1073 2289 1376 2354 Clitumni
1401 2308 1630 2371 pascua
1657 2288 1907 2369 sanguis

349 2383 495 2457 Iret,
522 2392 588 2446 et
615 2404 654 2445 a
679 2388 903 2467 grandi
932 2387 1142 2449 cervix
1169 2387 1449 2448 ferienda
1472 2386 1773 2461 ministre,

351 2480 451 2542 Ob
476 2481 746 2543 reditum
774 2486 1145 2565 trepidantis
1173 2486 1379 2546 adhuc
1405 2485 1838 2565 horrendaque
1864 2484 2029 2564 passi

350 2577 570 2658 Nuper
597 2589 663 2642 et
687 2582 1068 2644 ineolumem
1094 2603 1229 2645 sese
1256 2583 1540 2644 mirantis
1568 2582 1768 2645 amici.

350 2674 517 2737 Nam
544 2688 792 2757 praeter
816 2680 1023 2762 pelagi
1050 2699 1228 2742 casus
1256 2689 1321 2741 et
1347 2679 1607 2760 fulguris
1634 2679 1795 2741 ictus

352 2772 587 2836 Evasit.
666 2775 914 2838 Densae
943 2778 1182 2839 caelum
1209 2778 1587 2840 abscondere
1614 2777 1908 2839 tenebrae

353 2869 536 2931 Nube
565 2891 688 2934 una
714 2875 1078 2956 subitusque
1108 2883 1412 2937 antennas
1438 2876 1687 2956 impulit
1713 2874 1895 2956 ignis,

356 2965 564 3039 Quum
591 2990 656 3031 se
685 2972 942 3053 quisque
969 2973 1077 3034 illo
1102 2992 1464 3054 percussum
1492 2973 1771 3034 crederet
1800 2980 1865 3032 et
1892 2991 2039 3032 mox

353 3063 682 3129 Attonitus
710 3070 950 3131 nullum
977 3070 1238 3131 conferri
1264 3090 1446 3150 posse
1472 3078 1722 3149 putaret

358 3159 762 3245 Naufragium
790 3166 944 3227 velis
971 3165 1346 3227 ardentibus.
1430 3165 1656 3226 Omnia
1681 3166 1841 3226 fiunt

356 3262 548 3337 Talia,
575 3272 706 3323 tam
731 3263 1021 3343 graviter,
1050 3263 1099 3323 si
1127 3262 1376 3341 quando
1403 3265 1649 3343 poetica
1676 3262 1874 3341 surgit

359 3359 734 3441 Tempestas.
814 3358 1029 3421 Genus
1055 3378 1197 3420 ecce
1226 3359 1394 3419 aliud
1423 3358 1823 3434 discriminis3
1864 3356 2010 3419 audi

1343 3473 1377 3522 5

2301 2006 2358 2052 lo

2303 2499 2364 2544 15

2300 2982 2363 3028 2⁰
