2734 4017
358 203 446 268 24
953 222 1024 268 D.
1073 221 1281 268 Jtmn
1323 218 1738 268 JUVENALIS

352 386 395 447 J
398 385 574 466 urgia
599 386 972 467 proludunt:
1012 387 1122 448 sed
1150 407 1298 447 mox
1327 395 1395 446 et
1420 385 1645 465 pocula
1673 394 1925 465 torques

356 481 615 544 Saucius
641 493 707 545 et
733 483 916 544 rubra
942 483 1227 563 deterges
1254 482 1515 543 vulnera
1541 500 1786 560 mappa,

351 580 529 642 Inter
552 600 668 641 vos
695 580 938 660 quoties
965 580 1453 658 libertorumque
1483 578 1803 640 cohortem

351 677 579 757 Pugna
606 676 954 757 Saguntina
978 677 1177 738 fervet
1205 676 1531 737 commissa
1557 675 1798 757 lagena.

352 774 496 855 Ipse
524 773 813 853 capillato
841 772 1132 833 diffusum
1161 772 1431 836 Consule
1461 782 1641 851 potat

354 872 794 950 Calcatamque
822 878 997 930 tenet
1022 869 1201 931 bellis
1229 869 1558 933 socialibus
1584 891 1789 945 uvam,

355 968 655 1031 Cardiaco
683 986 1002 1048 nunquam
1030 969 1324 1047 cyathum
1352 968 1651 1029 missurus
1678 969 1891 1029 amico,

354 1068 505 1128 Cras
530 1065 704 1127 bibet
730 1063 997 1132 Albanis
1023 1064 1256 1145 aliquid
1287 1066 1366 1126 de
1395 1066 1710 1132 montibus
1738 1075 1846 1126 aut
1874 1065 1954 1125 de

356 1162 600 1237 Setinis,
629 1161 803 1243 cujus
829 1161 1097 1242 patriam
1123 1162 1499 1244 titulumque
1527 1174 1812 1225 senectus

352 1259 608 1322 Delevit
635 1260 836 1320 multa
862 1259 1094 1321 veteris
1120 1260 1380 1341 fuligine
1407 1271 1642 1337 testae;

355 1357 556 1430 Quale
584 1356 865 1419 coronati
892 1357 1166 1419 Thrasea
1194 1357 1645 1437 Helvidiusque
1672 1356 1968 1417 bibebant

353 1454 694 1516 Brutorum
720 1465 786 1516 et
815 1454 990 1517 Cassi
1018 1455 1347 1517 natalibus.
1429 1454 1572 1534 Ipse
1601 1474 1855 1535 capaces

354 1552 693 1613 Heliadum
720 1561 959 1613 crustas
987 1562 1054 1613 et
1081 1552 1433 1633 inaequales
1460 1552 1699 1632 beryllo

352 1649 542 1711 Virro
570 1659 746 1711 tenet
772 1649 1042 1729 phialas:
1085 1648 1203 1710 tibi
1229 1669 1357 1710 non
1386 1648 1797 1710 committitur
1824 1666 2077 1723 aurum3

354 1747 498 1823 Vel,
527 1747 578 1809 si
606 1747 856 1827 quando
885 1747 1087 1822 datur,
1118 1757 1325 1808 custos
1353 1747 1571 1807 affixus
1597 1746 1829 1806 ibidem

356 1843 484 1917 Qui
510 1853 794 1904 numeret
819 1863 1116 1924 gemmas,
1146 1863 1385 1923 ungues
1416 1844 1701 1904 observet
1732 1855 1963 1903 acutos.

356 1948 392 1979 ‘⁴
407 1941 511 2001 Da
535 1940 816 2002 veniam:
856 1942 1171 2021 praeclara
1195 1940 1323 2002 illic
1349 1941 1641 2001 laudatur
1668 1938 1902 2020 iaspis.”

354 2038 523 2099 Nam
547 2036 757 2113 Virr0‚
783 2046 856 2099 ut
883 2037 1084 2111 multi,
1112 2057 1389 2118 gemmas
1418 2038 1497 2098 ad
1523 2037 1746 2117 pocula
1771 2035 2061 2097 transfert

353 2135 420 2195 A
447 2134 677 2216 digitis,
707 2154 858 2216 quas
884 2135 951 2195 in
978 2135 1242 2215 vaginae
1269 2134 1473 2194 fronte
1502 2133 1740 2194 solebat

353 2233 597 2294 Ponere
624 2233 912 2313 zelotypo
939 2232 1189 2313 juvenis
1216 2232 1527 2312 praelatus
1554 2231 1789 2291 Iarbae.

355 2330 456 2390 Tu
482 2330 912 2392 Beneventani
940 2330 1168 2392 sutoris
1195 2349 1422 2390 nomen
1449 2329 1782 2389 habentem

357 2428 629 2490 Siccabis
657 2428 912 2491 calicem
939 2447 1230 2490 nasorum
1259 2435 1542 2508 quatuor,
1572 2444 1645 2485 ac
1668 2425 1801 2505 jam

357 2526 734 2599 Quassatum
760 2536 826 2589 et
853 2535 1038 2609 rupto
1068 2533 1431 2606 poscentem
1458 2523 1687 2583 sulfura
1713 2523 1893 2583 vitro.

357 2623 426 2685 Si
453 2627 806 2688 stomachus
834 2626 1071 2687 domini
1099 2624 1298 2685 fervet
1328 2622 1598 2700 vinoque
1626 2620 1902 2698 ciboque,

355 2721 669 2803 Frigidior
694 2723 928 2785 Geticis
956 2724 1191 2804 petitur
1220 2723 1479 2782 decocta
1505 2715 1773 2797 pruinis:

355 2817 504 2879 Non
533 2820 752 2882 eadem
778 2821 956 2883 vobis
982 2821 1130 2900 poni
1158 2820 1346 2881 modo
1376 2817 1524 2878 vina
1555 2813 1851 2893 querebar
1868 2813 1898 2873 ⁴?

355 2915 493 2977 Vos
520 2917 703 2978 aliam
730 2919 961 2998 potatis
990 2937 1229 2997 aquam.
1312 2915 1457 2976 Tibi
1487 2913 1711 2993 pocula
1740 2929 1950 2971 cursor

357 3012 658 3075 Gaetulus
686 3015 861 3075 dabit
889 3023 996 3075 aut
1024 3014 1187 3094 nigri
1213 3032 1431 3073 manus
1461 3029 1637 3072 ossea
1664 3007 1889 3082 Mauri,

356 3109 443 3171 Et
471 3111 570 3171 cui
595 3113 708 3193 per
733 3112 1002 3172 mediam
1028 3111 1186 3171 nolis
1215 3128 1534 3171 occurrere
1564 3118 1810 3169 noctem

359 3206 642 3269 Olivosae
670 3208 911 3270 veheris
938 3207 1089 3267 dum
1115 3226 1226 3287 per
1253 3214 1658 3266 monumenta
1684 3202 1963 3263 Latinae.

356 3304 506 3365 Flos
534 3306 723 3366 Asiae
750 3315 896 3366 ante
923 3304 1143 3384 ipsum,
1171 3303 1371 3383 pretio
1400 3303 1631 3382 majore
1658 3310 1910 3381 paratus

359 3403 564 3477 Quam
591 3402 709 3463 fuit
737 3411 800 3462 et
828 3400 995 3461 Tulli
1025 3420 1241 3461 census
1268 3399 1565 3481 pugnacis
1594 3408 1657 3460 et
1684 3397 1850 3457 Anci

2303 788 2367 834 30

2302 1273 2367 1320 35

2302 1758 2367 1802 40

2302 2244 2367 2288 45

2307 2730 2369 2773 50

2305 3214 2369 3258 55
