<?xml version="1.0" encoding="UTF-8"?>
<!DOCTYPE html PUBLIC "-//W3C//DTD XHTML 1.0 Transitional//EN"
    "http://www.w3.org/TR/xhtml1/DTD/xhtml1-transitional.dtd">
<html xmlns="http://www.w3.org/1999/xhtml" xml:lang="en" lang="en">
 <head>
  <title>
</title>
<meta http-equiv="Content-Type" content="text/html;charset=utf-8" />
  <meta name='ocr-system' content='tesseract 3.04.00' />
  <meta name='ocr-capabilities' content='ocr_page ocr_carea ocr_par ocr_line ocrx_word'/>
</head>
<body>
  <div class='ocr_page' id='page_1' title='image "./thirteensatires00unkngoog_0092.png"; bbox 0 0 2734 4017; ppageno 0'>
   <div class='ocr_carea' id='block_1_1' title="bbox 272 206 1665 273">
    <p class='ocr_par' dir='ltr' id='par_1_1' title="bbox 272 206 1665 273">
     <span class='ocr_line' id='line_1_1' title="bbox 272 206 1665 273; baseline -0.006 -1"><span class='ocrx_word' id='word_1_1' title='bbox 272 206 356 273; x_wconf 84' lang='grc'>76</span> <span class='ocrx_word' id='word_1_2' title='bbox 882 220 954 267; x_wconf 88' lang='lat' dir='ltr'>D.</span> <span class='ocrx_word' id='word_1_3' title='bbox 1000 219 1207 268; x_wconf 80' lang='lat' dir='ltr'>Jmm</span> <span class='ocrx_word' id='word_1_4' title='bbox 1249 216 1665 267; x_wconf 71' lang='lat' dir='ltr'>JUVENAHS</span> 
     </span>
    </p>
   </div>
   <div class='ocr_carea' id='block_1_2' title="bbox 268 381 2281 3402">
    <p class='ocr_par' dir='ltr' id='par_1_2' title="bbox 270 381 1852 569">
     <span class='ocr_line' id='line_1_2' title="bbox 270 381 1837 465; baseline -0.006 -12"><span class='ocrx_word' id='word_1_5' title='bbox 270 389 598 455; x_wconf 82' lang='lat' dir='ltr'><strong>Interdum</strong></span> <span class='ocrx_word' id='word_1_6' title='bbox 626 397 736 450; x_wconf 90' lang='lat' dir='ltr'>aut</span> <span class='ocrx_word' id='word_1_7' title='bbox 762 386 1003 448; x_wconf 85' lang='lat' dir='ltr'>levibus</span> <span class='ocrx_word' id='word_1_8' title='bbox 1030 385 1244 447; x_wconf 84' lang='lat' dir='ltr'>videas</span> <span class='ocrx_word' id='word_1_9' title='bbox 1268 382 1596 465; x_wconf 80' lang='lat' dir='ltr'>flagrantia</span> <span class='ocrx_word' id='word_1_10' title='bbox 1621 381 1837 443; x_wconf 72' lang='lat' dir='ltr'>causis·</span> 
     </span>
     <span class='ocr_line' id='line_1_3' title="bbox 271 478 1852 569; baseline -0.01 -15"><span class='ocrx_word' id='word_1_11' title='bbox 271 488 832 569; x_wconf 83' lang='lat' dir='ltr'>Quantulacunque</span> <span class='ocrx_word' id='word_1_12' title='bbox 861 484 1017 544; x_wconf 88' lang='lat' dir='ltr'>adeo</span> <span class='ocrx_word' id='word_1_13' title='bbox 1047 491 1144 544; x_wconf 86' lang='lat' dir='ltr'>est</span> <span class='ocrx_word' id='word_1_14' title='bbox 1170 481 1429 555; x_wconf 75' lang='lat' dir='ltr'>occasio,</span> <span class='ocrx_word' id='word_1_15' title='bbox 1458 478 1680 541; x_wconf 86' lang='lat' dir='ltr'>sufficit</span> <span class='ocrx_word' id='word_1_16' title='bbox 1705 479 1852 539; x_wconf 88' lang='lat' dir='ltr'>irae.</span> 
     </span>
    </p>

    <p class='ocr_par' dir='ltr' id='par_1_3' title="bbox 271 577 1839 675">
     <span class='ocr_line' id='line_1_4' title="bbox 271 577 1839 675; baseline -0.013 -18"><span class='ocrx_word' id='word_1_17' title='bbox 271 593 652 675; x_wconf 82' lang='lat' dir='ltr'>Chrysippus</span> <span class='ocrx_word' id='word_1_18' title='bbox 680 606 806 646; x_wconf 88' lang='lat' dir='ltr'>non</span> <span class='ocrx_word' id='word_1_19' title='bbox 834 583 1002 644; x_wconf 86' lang='lat' dir='ltr'>dicet</span> <span class='ocrx_word' id='word_1_20' title='bbox 1041 580 1211 643; x_wconf 90' lang='lat' dir='ltr'>idem</span> <span class='ocrx_word' id='word_1_21' title='bbox 1236 599 1352 641; x_wconf 90' lang='lat' dir='ltr'>nec</span> <span class='ocrx_word' id='word_1_22' title='bbox 1379 579 1532 639; x_wconf 85' lang='lat' dir='ltr'>mite</span> <span class='ocrx_word' id='word_1_23' title='bbox 1560 577 1839 638; x_wconf 84' lang='lat' dir='ltr'>Thaletis</span> 
     </span>
    </p>

    <p class='ocr_par' dir='ltr' id='par_1_4' title="bbox 270 676 2271 871">
     <span class='ocr_line' id='line_1_5' title="bbox 270 676 2271 773; baseline -0.008 -21"><span class='ocrx_word' id='word_1_24' title='bbox 270 692 601 773; x_wconf 82' lang='lat' dir='ltr'>Ingenium</span> <span class='ocrx_word' id='word_1_25' title='bbox 628 685 917 764; x_wconf 80' lang='lat' dir='ltr'>dulcique</span> <span class='ocrx_word' id='word_1_26' title='bbox 946 699 1137 741; x_wconf 83' lang='lat' dir='ltr'>senex</span> <span class='ocrx_word' id='word_1_27' title='bbox 1167 678 1407 740; x_wconf 89' lang='lat' dir='ltr'>vicinus</span> <span class='ocrx_word' id='word_1_28' title='bbox 1436 676 1760 757; x_wconf 87' lang='lat' dir='ltr'>Hymett0‚</span> <span class='ocrx_word' id='word_1_29' title='bbox 2181 690 2271 735; x_wconf 85' lang='grc'>185</span> 
     </span>
     <span class='ocr_line' id='line_1_6' title="bbox 272 773 1880 871; baseline -0.004 -29"><span class='ocrx_word' id='word_1_30' title='bbox 272 790 397 864; x_wconf 80' lang='lat' dir='ltr'>Qui</span> <span class='ocrx_word' id='word_1_31' title='bbox 423 798 663 871; x_wconf 75' lang='lat' dir='ltr'>partem</span> <span class='ocrx_word' id='word_1_32' title='bbox 689 791 980 865; x_wconf 75' lang='lat' dir='ltr'><strong>acceptae</strong></span> <span class='ocrx_word' id='word_1_33' title='bbox 1002 796 1194 844; x_wconf 70' lang='lat' dir='ltr'>,saeva</span> <span class='ocrx_word' id='word_1_34' title='bbox 1220 777 1385 837; x_wconf 87' lang='lat' dir='ltr'>inter</span> <span class='ocrx_word' id='word_1_35' title='bbox 1410 775 1617 835; x_wconf 86' lang='lat' dir='ltr'>vincla</span> <span class='ocrx_word' id='word_1_36' title='bbox 1643 773 1880 835; x_wconf 86' lang='lat' dir='ltr'>cicutae</span> 
     </span>
    </p>

    <p class='ocr_par' dir='ltr' id='par_1_5' title="bbox 269 873 1585 950">
     <span class='ocr_line' id='line_1_7' title="bbox 269 873 1585 950; baseline -0.006 -2"><span class='ocrx_word' id='word_1_37' title='bbox 269 886 634 950; x_wconf 85' lang='lat' dir='ltr'>Accusatori</span> <span class='ocrx_word' id='word_1_38' title='bbox 660 886 854 946; x_wconf 89' lang='lat' dir='ltr'>nollet</span> <span class='ocrx_word' id='word_1_39' title='bbox 875 881 1042 942; x_wconf 89' lang='lat' dir='ltr'>dare.</span> <span class='ocrx_word' id='word_1_40' title='bbox 1127 873 1410 934; x_wconf 77' lang='lat' dir='ltr'>Plurima</span> <span class='ocrx_word' id='word_1_41' title='bbox 1434 873 1585 935; x_wconf 80' lang='lat' dir='ltr'><strong>felix</strong></span> 
     </span>
    </p>

    <p class='ocr_par' dir='ltr' id='par_1_6' title="bbox 269 971 1724 1062">
     <span class='ocr_line' id='line_1_8' title="bbox 269 971 1724 1062; baseline -0.01 -14"><span class='ocrx_word' id='word_1_42' title='bbox 269 986 605 1048; x_wconf 80' lang='lat' dir='ltr'>Paullatim</span> <span class='ocrx_word' id='word_1_43' title='bbox 633 984 786 1045; x_wconf 88' lang='lat' dir='ltr'>vitia</span> <span class='ocrx_word' id='word_1_44' title='bbox 812 991 999 1062; x_wconf 86' lang='lat' dir='ltr'>atque</span> <span class='ocrx_word' id='word_1_45' title='bbox 1029 994 1263 1038; x_wconf 89' lang='lat' dir='ltr'>errores</span> <span class='ocrx_word' id='word_1_46' title='bbox 1291 971 1465 1034; x_wconf 85' lang='lat' dir='ltr'>exuit</span> <span class='ocrx_word' id='word_1_47' title='bbox 1492 992 1724 1047; x_wconf 73' lang='lat' dir='ltr'>omneS,</span> 
     </span>
    </p>

    <p class='ocr_par' dir='ltr' id='par_1_7' title="bbox 270 1069 1866 1157">
     <span class='ocr_line' id='line_1_9' title="bbox 270 1069 1866 1157; baseline -0.009 -12"><span class='ocrx_word' id='word_1_48' title='bbox 270 1084 481 1144; x_wconf 89' lang='lat' dir='ltr'>Prima</span> <span class='ocrx_word' id='word_1_49' title='bbox 508 1083 691 1143; x_wconf 87' lang='lat' dir='ltr'>docet</span> <span class='ocrx_word' id='word_1_50' title='bbox 717 1090 959 1142; x_wconf 89' lang='lat' dir='ltr'>rectum</span> <span class='ocrx_word' id='word_1_51' title='bbox 990 1075 1343 1157; x_wconf 83' lang='lat' dir='ltr'>Sapientia3</span> <span class='ocrx_word' id='word_1_52' title='bbox 1387 1072 1614 1154; x_wconf 83' lang='lat' dir='ltr'>quippe</span> <span class='ocrx_word' id='word_1_53' title='bbox 1640 1069 1866 1131; x_wconf 90' lang='lat' dir='ltr'>minuti</span> 
     </span>
    </p>

    <p class='ocr_par' dir='ltr' id='par_1_8' title="bbox 269 1172 2278 1354">
     <span class='ocr_line' id='line_1_10' title="bbox 272 1172 2278 1261; baseline -0.006 -19"><span class='ocrx_word' id='word_1_54' title='bbox 272 1181 528 1261; x_wconf 82' lang='lat' dir='ltr'>Semper</span> <span class='ocrx_word' id='word_1_55' title='bbox 555 1189 620 1241; x_wconf 91' lang='lat' dir='ltr'>et</span> <span class='ocrx_word' id='word_1_56' title='bbox 645 1178 875 1239; x_wconf 88' lang='lat' dir='ltr'>infirmi</span> <span class='ocrx_word' id='word_1_57' title='bbox 901 1187 997 1239; x_wconf 89' lang='lat' dir='ltr'>est</span> <span class='ocrx_word' id='word_1_58' title='bbox 1029 1175 1220 1237; x_wconf 90' lang='lat' dir='ltr'>animi</span> <span class='ocrx_word' id='word_1_59' title='bbox 1249 1173 1581 1254; x_wconf 79' lang='lat' dir='ltr'>exiguique</span> <span class='ocrx_word' id='word_1_60' title='bbox 1611 1172 1899 1252; x_wconf 89' lang='lat' dir='ltr'>voluptas</span> <span class='ocrx_word' id='word_1_61' title='bbox 2188 1182 2278 1230; x_wconf 86' lang='lat'>190</span> 
     </span>
     <span class='ocr_line' id='line_1_11' title="bbox 269 1270 1721 1354; baseline -0.006 -13"><span class='ocrx_word' id='word_1_62' title='bbox 269 1277 484 1352; x_wconf 87' lang='lat' dir='ltr'>Ultio;</span> <span class='ocrx_word' id='word_1_63' title='bbox 524 1277 820 1337; x_wconf 85' lang='lat' dir='ltr'>continuo</span> <span class='ocrx_word' id='word_1_64' title='bbox 847 1275 936 1336; x_wconf 87' lang='lat' dir='ltr'>sic</span> <span class='ocrx_word' id='word_1_65' title='bbox 966 1274 1209 1354; x_wconf 83' lang='lat' dir='ltr'>collige,</span> <span class='ocrx_word' id='word_1_66' title='bbox 1241 1272 1410 1354; x_wconf 87' lang='lat' dir='ltr'>quod</span> <span class='ocrx_word' id='word_1_67' title='bbox 1441 1270 1721 1333; x_wconf 84' lang='lat' dir='ltr'>vindicta</span> 
     </span>
    </p>

    <p class='ocr_par' dir='ltr' id='par_1_9' title="bbox 268 1368 2135 1551">
     <span class='ocr_line' id='line_1_12' title="bbox 268 1368 2135 1454; baseline -0.005 -18"><span class='ocrx_word' id='word_1_68' title='bbox 268 1375 475 1436; x_wconf 88' lang='lat' dir='ltr'>Nemo</span> <span class='ocrx_word' id='word_1_69' title='bbox 500 1374 698 1454; x_wconf 87' lang='lat' dir='ltr'>magis</span> <span class='ocrx_word' id='word_1_70' title='bbox 722 1373 957 1454; x_wconf 88' lang='lat' dir='ltr'>gaudet</span> <span class='ocrx_word' id='word_1_71' title='bbox 987 1392 1175 1454; x_wconf 90' lang='lat' dir='ltr'>quam</span> <span class='ocrx_word' id='word_1_72' title='bbox 1200 1370 1446 1432; x_wconf 87' lang='lat' dir='ltr'>femina.</span> <span class='ocrx_word' id='word_1_73' title='bbox 1532 1370 1661 1432; x_wconf 86' lang='lat' dir='ltr'>Cur</span> <span class='ocrx_word' id='word_1_74' title='bbox 1686 1378 1895 1431; x_wconf 87' lang='lat' dir='ltr'>tamen</span> <span class='ocrx_word' id='word_1_75' title='bbox 1921 1368 2036 1428; x_wconf 89' lang='lat' dir='ltr'>hos</span> <span class='ocrx_word' id='word_1_76' title='bbox 2062 1376 2135 1428; x_wconf 91' lang='lat' dir='ltr'>tu</span> 
     </span>
     <span class='ocr_line' id='line_1_13' title="bbox 269 1468 1547 1551; baseline -0.002 -20"><span class='ocrx_word' id='word_1_77' title='bbox 269 1471 555 1532; x_wconf 84' lang='lat' dir='ltr'>Evasisse</span> <span class='ocrx_word' id='word_1_78' title='bbox 584 1481 764 1551; x_wconf 85' lang='lat' dir='ltr'>putes</span> <span class='ocrx_word' id='word_1_79' title='bbox 793 1490 947 1551; x_wconf 89' lang='lat' dir='ltr'>quos</span> <span class='ocrx_word' id='word_1_80' title='bbox 976 1469 1094 1531; x_wconf 83' lang='lat' dir='ltr'>diri</span> <span class='ocrx_word' id='word_1_81' title='bbox 1125 1469 1373 1531; x_wconf 89' lang='lat' dir='ltr'>conscia</span> <span class='ocrx_word' id='word_1_82' title='bbox 1399 1468 1547 1531; x_wconf 87' lang='lat' dir='ltr'>facti</span> 
     </span>
    </p>

    <p class='ocr_par' dir='ltr' id='par_1_10' title="bbox 268 1567 1843 1641">
     <span class='ocr_line' id='line_1_14' title="bbox 268 1567 1843 1641; baseline -0.002 -11"><span class='ocrx_word' id='word_1_83' title='bbox 268 1569 448 1630; x_wconf 90' lang='lat' dir='ltr'>Mens</span> <span class='ocrx_word' id='word_1_84' title='bbox 475 1569 663 1630; x_wconf 90' lang='lat' dir='ltr'>habet</span> <span class='ocrx_word' id='word_1_85' title='bbox 692 1569 995 1630; x_wconf 87' lang='lat' dir='ltr'>attonitos</span> <span class='ocrx_word' id='word_1_86' title='bbox 1024 1580 1089 1630; x_wconf 90' lang='lat' dir='ltr'>et</span> <span class='ocrx_word' id='word_1_87' title='bbox 1120 1569 1307 1629; x_wconf 87' lang='lat' dir='ltr'>surdo</span> <span class='ocrx_word' id='word_1_88' title='bbox 1335 1567 1592 1629; x_wconf 84' lang='lat' dir='ltr'>verbere</span> <span class='ocrx_word' id='word_1_89' title='bbox 1622 1567 1843 1641; x_wconf 86' lang='lat' dir='ltr'>caedit,</span> 
     </span>
    </p>

    <p class='ocr_par' dir='ltr' id='par_1_11' title="bbox 269 1666 2281 1839">
     <span class='ocr_line' id='line_1_15' title="bbox 269 1666 2281 1748; baseline -0 -22"><span class='ocrx_word' id='word_1_90' title='bbox 269 1667 602 1728; x_wconf 80' lang='lat' dir='ltr'>Occultum</span> <span class='ocrx_word' id='word_1_91' title='bbox 631 1667 949 1748; x_wconf 76' lang='lat' dir='ltr'>quatiente</span> <span class='ocrx_word' id='word_1_92' title='bbox 981 1667 1190 1728; x_wconf 89' lang='lat' dir='ltr'>animo</span> <span class='ocrx_word' id='word_1_93' title='bbox 1218 1675 1456 1728; x_wconf 84' lang='lat' dir='ltr'>tortore</span> <span class='ocrx_word' id='word_1_94' title='bbox 1484 1666 1801 1746; x_wconf 89' lang='lat' dir='ltr'>flagellum</span> <span class='ocrx_word' id='word_1_95' title='bbox 1820 1666 1850 1725; x_wconf 78' lang='lat'>‘1’</span> <span class='ocrx_word' id='word_1_96' title='bbox 2187 1678 2281 1726; x_wconf 80' lang='lat'>195</span> 
     </span>
     <span class='ocr_line' id='line_1_16' title="bbox 269 1764 1851 1839; baseline 0.001 -15"><span class='ocrx_word' id='word_1_97' title='bbox 269 1765 484 1826; x_wconf 88' lang='lat' dir='ltr'>Poena</span> <span class='ocrx_word' id='word_1_98' title='bbox 512 1776 723 1826; x_wconf 87' lang='lat' dir='ltr'>autem</span> <span class='ocrx_word' id='word_1_99' title='bbox 750 1766 1085 1826; x_wconf 86' lang='lat' dir='ltr'>vehemens</span> <span class='ocrx_word' id='word_1_100' title='bbox 1116 1784 1188 1825; x_wconf 88' lang='lat' dir='ltr'>ac</span> <span class='ocrx_word' id='word_1_101' title='bbox 1215 1767 1416 1826; x_wconf 88' lang='lat' dir='ltr'>multo</span> <span class='ocrx_word' id='word_1_102' title='bbox 1445 1764 1685 1826; x_wconf 88' lang='lat' dir='ltr'>saevior</span> <span class='ocrx_word' id='word_1_103' title='bbox 1711 1764 1851 1839; x_wconf 81' lang='lat' dir='ltr'>illis,</span> 
     </span>
    </p>

    <p class='ocr_par' dir='ltr' id='par_1_12' title="bbox 269 1859 2098 2037">
     <span class='ocr_line' id='line_1_17' title="bbox 271 1859 2098 1941; baseline 0 -22"><span class='ocrx_word' id='word_1_104' title='bbox 271 1859 442 1932; x_wconf 82' lang='lat' dir='ltr'>Quas</span> <span class='ocrx_word' id='word_1_105' title='bbox 468 1869 534 1920; x_wconf 91' lang='lat' dir='ltr'>et</span> <span class='ocrx_word' id='word_1_106' title='bbox 563 1859 889 1922; x_wconf 84' lang='lat' dir='ltr'>Caedicius</span> <span class='ocrx_word' id='word_1_107' title='bbox 916 1859 1125 1941; x_wconf 86' lang='lat' dir='ltr'>gravis</span> <span class='ocrx_word' id='word_1_108' title='bbox 1153 1860 1400 1920; x_wconf 85' lang='lat' dir='ltr'>invenit</span> <span class='ocrx_word' id='word_1_109' title='bbox 1429 1869 1539 1920; x_wconf 88' lang='lat' dir='ltr'>aut</span> <span class='ocrx_word' id='word_1_110' title='bbox 1566 1859 2098 1933; x_wconf 73' lang='lat' dir='ltr'>RhadamanthuS,</span> 
     </span>
     <span class='ocr_line' id='line_1_18' title="bbox 269 1955 1860 2037; baseline 0 -20"><span class='ocrx_word' id='word_1_111' title='bbox 269 1955 476 2018; x_wconf 85' lang='lat' dir='ltr'>Nocte</span> <span class='ocrx_word' id='word_1_112' title='bbox 505 1956 729 2037; x_wconf 90' lang='lat' dir='ltr'>dieque</span> <span class='ocrx_word' id='word_1_113' title='bbox 758 1977 938 2018; x_wconf 87' lang='lat' dir='ltr'>suum</span> <span class='ocrx_word' id='word_1_114' title='bbox 966 1968 1210 2036; x_wconf 85' lang='lat' dir='ltr'>gestare</span> <span class='ocrx_word' id='word_1_115' title='bbox 1238 1957 1303 2016; x_wconf 89' lang='lat' dir='ltr'>in</span> <span class='ocrx_word' id='word_1_116' title='bbox 1333 1966 1587 2037; x_wconf 75' lang='lat' dir='ltr'>pectore</span> <span class='ocrx_word' id='word_1_117' title='bbox 1617 1969 1860 2019; x_wconf 87' lang='lat' dir='ltr'>testem.</span> 
     </span>
    </p>

    <p class='ocr_par' dir='ltr' id='par_1_13' title="bbox 273 2053 1691 2134">
     <span class='ocr_line' id='line_1_19' title="bbox 273 2053 1691 2134; baseline 0.001 -20"><span class='ocrx_word' id='word_1_118' title='bbox 273 2053 581 2134; x_wconf 83' lang='lat' dir='ltr'>Spartano</span> <span class='ocrx_word' id='word_1_119' title='bbox 611 2054 858 2115; x_wconf 90' lang='lat' dir='ltr'>cuidam</span> <span class='ocrx_word' id='word_1_120' title='bbox 885 2054 1208 2133; x_wconf 84' lang='lat' dir='ltr'>respondit</span> <span class='ocrx_word' id='word_1_121' title='bbox 1235 2054 1470 2134; x_wconf 89' lang='lat' dir='ltr'>Pythia</span> <span class='ocrx_word' id='word_1_122' title='bbox 1502 2065 1691 2130; x_wconf 86' lang='lat' dir='ltr'>vates,</span> 
     </span>
    </p>

    <p class='ocr_par' dir='ltr' id='par_1_14' title="bbox 272 2150 2279 2330">
     <span class='ocr_line' id='line_1_20' title="bbox 272 2150 2279 2233; baseline 0.002 -24"><span class='ocrx_word' id='word_1_123' title='bbox 272 2150 462 2210; x_wconf 87' lang='lat' dir='ltr'>Haud</span> <span class='ocrx_word' id='word_1_124' title='bbox 489 2151 868 2231; x_wconf 89' lang='lat' dir='ltr'>impunitum</span> <span class='ocrx_word' id='word_1_125' title='bbox 895 2150 1210 2230; x_wconf 88' lang='lat' dir='ltr'>quondam</span> <span class='ocrx_word' id='word_1_126' title='bbox 1237 2151 1385 2227; x_wconf 87' lang='lat' dir='ltr'>fore,</span> <span class='ocrx_word' id='word_1_127' title='bbox 1417 2154 1584 2233; x_wconf 90' lang='lat' dir='ltr'>quod</span> <span class='ocrx_word' id='word_1_128' title='bbox 1614 2153 1928 2215; x_wconf 84' lang='lat' dir='ltr'>dubitaret</span> <span class='ocrx_word' id='word_1_129' title='bbox 2186 2166 2279 2213; x_wconf 75' lang='lat'>200</span> 
     </span>
     <span class='ocr_line' id='line_1_21' title="bbox 272 2246 1693 2330; baseline 0.004 -24"><span class='ocrx_word' id='word_1_130' title='bbox 272 2246 647 2327; x_wconf 86' lang='lat' dir='ltr'>Depositum</span> <span class='ocrx_word' id='word_1_131' title='bbox 673 2247 941 2308; x_wconf 88' lang='lat' dir='ltr'>retinere</span> <span class='ocrx_word' id='word_1_132' title='bbox 969 2257 1035 2308; x_wconf 90' lang='lat' dir='ltr'>et</span> <span class='ocrx_word' id='word_1_133' title='bbox 1061 2247 1341 2309; x_wconf 74' lang='lat' dir='ltr'>fiaudem</span> <span class='ocrx_word' id='word_1_134' title='bbox 1359 2250 1503 2330; x_wconf 87' lang='lat' dir='ltr'>jure</span> <span class='ocrx_word' id='word_1_135' title='bbox 1532 2251 1693 2311; x_wconf 89' lang='lat' dir='ltr'>tueri</span> 
     </span>
    </p>

    <p class='ocr_par' dir='ltr' id='par_1_15' title="bbox 271 2344 1842 2426">
     <span class='ocr_line' id='line_1_22' title="bbox 271 2344 1842 2426; baseline 0.004 -21"><span class='ocrx_word' id='word_1_136' title='bbox 271 2344 315 2405; x_wconf 88' lang='lat' dir='ltr'><strong>J</strong></span> <span class='ocrx_word' id='word_1_137' title='bbox 318 2344 589 2405; x_wconf 87' lang='lat' dir='ltr'>urando:</span> <span class='ocrx_word' id='word_1_138' title='bbox 635 2345 970 2424; x_wconf 88' lang='lat' dir='ltr'>quaerebat</span> <span class='ocrx_word' id='word_1_139' title='bbox 997 2345 1163 2406; x_wconf 92' lang='lat' dir='ltr'>enim</span> <span class='ocrx_word' id='word_1_140' title='bbox 1191 2365 1349 2426; x_wconf 90' lang='lat' dir='ltr'>quae</span> <span class='ocrx_word' id='word_1_141' title='bbox 1379 2348 1650 2409; x_wconf 83' lang='lat' dir='ltr'>numinis</span> <span class='ocrx_word' id='word_1_142' title='bbox 1677 2360 1842 2411; x_wconf 80' lang='lat' dir='ltr'>esset</span> 
     </span>
    </p>

    <p class='ocr_par' dir='ltr' id='par_1_16' title="bbox 272 2440 2279 2819">
     <span class='ocr_line' id='line_1_23' title="bbox 272 2440 2143 2526; baseline 0.005 -26"><span class='ocrx_word' id='word_1_143' title='bbox 272 2440 471 2514; x_wconf 88' lang='lat' dir='ltr'>Mens,</span> <span class='ocrx_word' id='word_1_144' title='bbox 503 2450 569 2501; x_wconf 88' lang='lat' dir='ltr'>et</span> <span class='ocrx_word' id='word_1_145' title='bbox 596 2461 676 2502; x_wconf 87' lang='lat' dir='ltr'>au</span> <span class='ocrx_word' id='word_1_146' title='bbox 702 2442 823 2502; x_wconf 91' lang='lat' dir='ltr'>hoc</span> <span class='ocrx_word' id='word_1_147' title='bbox 851 2442 943 2502; x_wconf 88' lang='lat' dir='ltr'>illi</span> <span class='ocrx_word' id='word_1_148' title='bbox 969 2442 1207 2504; x_wconf 83' lang='lat' dir='ltr'>facinus</span> <span class='ocrx_word' id='word_1_149' title='bbox 1233 2445 1526 2506; x_wconf 84' lang='lat' dir='ltr'>suaderet</span> <span class='ocrx_word' id='word_1_150' title='bbox 1551 2447 1800 2526; x_wconf 78' lang='lat' dir='ltr'>Apollo,</span> <span class='ocrx_word' id='word_1_151' title='bbox 2139 2513 2143 2517; x_wconf 17' lang='grc' dir='ltr'><strong>Α</strong></span> 
     </span>
     <span class='ocr_line' id='line_1_24' title="bbox 274 2537 2082 2618; baseline 0.007 -22"><span class='ocrx_word' id='word_1_152' title='bbox 274 2537 580 2598; x_wconf 86' lang='lat' dir='ltr'>Reddidit</span> <span class='ocrx_word' id='word_1_153' title='bbox 608 2558 758 2618; x_wconf 84' lang='lat' dir='ltr'>ergo</span> <span class='ocrx_word' id='word_1_154' title='bbox 787 2549 962 2600; x_wconf 86' lang='lat' dir='ltr'>metu</span> <span class='ocrx_word' id='word_1_155' title='bbox 989 2560 1115 2599; x_wconf 89' lang='lat' dir='ltr'>non</span> <span class='ocrx_word' id='word_1_156' title='bbox 1144 2541 1417 2601; x_wconf 88' lang='lat' dir='ltr'>moribus</span> <span class='ocrx_word' id='word_1_157' title='bbox 1440 2562 1457 2617; x_wconf 85' lang='lat'><em>3</em></span> <span class='ocrx_word' id='word_1_158' title='bbox 1500 2553 1565 2605; x_wconf 90' lang='lat' dir='ltr'>et</span> <span class='ocrx_word' id='word_1_159' title='bbox 1592 2554 1802 2604; x_wconf 86' lang='lat' dir='ltr'>tamen</span> <span class='ocrx_word' id='word_1_160' title='bbox 1834 2565 2082 2608; x_wconf 86' lang='lat' dir='ltr'>omnem</span> 
     </span>
     <span class='ocr_line' id='line_1_25' title="bbox 272 2634 2279 2721; baseline 0.004 -27"><span class='ocrx_word' id='word_1_161' title='bbox 272 2634 515 2695; x_wconf 88' lang='lat' dir='ltr'>Vocem</span> <span class='ocrx_word' id='word_1_162' title='bbox 544 2635 719 2714; x_wconf 88' lang='lat' dir='ltr'>adyti</span> <span class='ocrx_word' id='word_1_163' title='bbox 748 2635 1005 2716; x_wconf 89' lang='lat' dir='ltr'>dignam</span> <span class='ocrx_word' id='word_1_164' title='bbox 1031 2638 1267 2718; x_wconf 87' lang='lat' dir='ltr'>templo</span> <span class='ocrx_word' id='word_1_165' title='bbox 1295 2659 1632 2720; x_wconf 76' lang='lat' dir='ltr'>vera-mque</span> <span class='ocrx_word' id='word_1_166' title='bbox 1659 2642 1945 2721; x_wconf 88' lang='lat' dir='ltr'>probavit</span> <span class='ocrx_word' id='word_1_167' title='bbox 2184 2657 2279 2703; x_wconf 82' lang='lat'>205</span> 
     </span>
     <span class='ocr_line' id='line_1_26' title="bbox 273 2730 1770 2819; baseline 0.007 -29"><span class='ocrx_word' id='word_1_168' title='bbox 273 2730 636 2793; x_wconf 85' lang='lat' dir='ltr'>Exstinctus</span> <span class='ocrx_word' id='word_1_169' title='bbox 663 2742 801 2793; x_wconf 90' lang='lat' dir='ltr'>tota</span> <span class='ocrx_word' id='word_1_170' title='bbox 828 2733 1061 2813; x_wconf 89' lang='lat' dir='ltr'>pariter</span> <span class='ocrx_word' id='word_1_171' title='bbox 1084 2754 1227 2795; x_wconf 86' lang='lat' dir='ltr'>cum</span> <span class='ocrx_word' id='word_1_172' title='bbox 1257 2736 1431 2814; x_wconf 88' lang='lat' dir='ltr'>prole</span> <span class='ocrx_word' id='word_1_173' title='bbox 1460 2737 1770 2819; x_wconf 90' lang='lat' dir='ltr'>domoque</span> 
     </span>
    </p>

    <p class='ocr_par' dir='ltr' id='par_1_17' title="bbox 274 2827 1826 2917">
     <span class='ocr_line' id='line_1_27' title="bbox 274 2827 1826 2917; baseline 0.006 -29"><span class='ocrx_word' id='word_1_174' title='bbox 274 2827 360 2890; x_wconf 89' lang='lat' dir='ltr'>Et</span> <span class='ocrx_word' id='word_1_175' title='bbox 389 2830 674 2910; x_wconf 90' lang='lat' dir='ltr'>quamvis</span> <span class='ocrx_word' id='word_1_176' title='bbox 700 2831 891 2909; x_wconf 89' lang='lat' dir='ltr'>longa</span> <span class='ocrx_word' id='word_1_177' title='bbox 919 2830 1202 2891; x_wconf 85' lang='lat' dir='ltr'>deductis</span> <span class='ocrx_word' id='word_1_178' title='bbox 1229 2843 1420 2913; x_wconf 87' lang='lat' dir='ltr'>gente</span> <span class='ocrx_word' id='word_1_179' title='bbox 1447 2836 1826 2917; x_wconf 88' lang='lat' dir='ltr'>propinquis.</span> 
     </span>
    </p>

    <p class='ocr_par' dir='ltr' id='par_1_18' title="bbox 274 2926 1760 3010">
     <span class='ocr_line' id='line_1_28' title="bbox 274 2926 1760 3010; baseline 0.007 -25"><span class='ocrx_word' id='word_1_180' title='bbox 274 2926 408 2987; x_wconf 87' lang='lat' dir='ltr'>Has</span> <span class='ocrx_word' id='word_1_181' title='bbox 435 2928 674 3008; x_wconf 89' lang='lat' dir='ltr'>patitur</span> <span class='ocrx_word' id='word_1_182' title='bbox 698 2948 931 3009; x_wconf 88' lang='lat' dir='ltr'>poenas</span> <span class='ocrx_word' id='word_1_183' title='bbox 958 2930 1255 3010; x_wconf 88' lang='lat' dir='ltr'>peccandi</span> <span class='ocrx_word' id='word_1_184' title='bbox 1296 2932 1430 2993; x_wconf 87' lang='lat' dir='ltr'>sola</span> <span class='ocrx_word' id='word_1_185' title='bbox 1455 2933 1760 2995; x_wconf 87' lang='lat' dir='ltr'>voluntas.</span> 
     </span>
    </p>

    <p class='ocr_par' dir='ltr' id='par_1_19' title="bbox 273 3023 1879 3111">
     <span class='ocr_line' id='line_1_29' title="bbox 273 3023 1879 3111; baseline 0.004 -27"><span class='ocrx_word' id='word_1_186' title='bbox 273 3023 444 3085; x_wconf 82' lang='lat' dir='ltr'>Nam</span> <span class='ocrx_word' id='word_1_187' title='bbox 471 3026 671 3087; x_wconf 87' lang='lat' dir='ltr'>scelus</span> <span class='ocrx_word' id='word_1_188' title='bbox 698 3026 864 3088; x_wconf 89' lang='lat' dir='ltr'>intra</span> <span class='ocrx_word' id='word_1_189' title='bbox 890 3047 956 3088; x_wconf 89' lang='lat' dir='ltr'>se</span> <span class='ocrx_word' id='word_1_190' title='bbox 985 3027 1245 3088; x_wconf 85' lang='lat' dir='ltr'>tacitum</span> <span class='ocrx_word' id='word_1_191' title='bbox 1274 3030 1382 3109; x_wconf 91' lang='lat' dir='ltr'>qui</span> <span class='ocrx_word' id='word_1_192' title='bbox 1409 3030 1645 3111; x_wconf 86' lang='lat' dir='ltr'>cogitat</span> <span class='ocrx_word' id='word_1_193' title='bbox 1688 3031 1879 3092; x_wconf 88' lang='lat' dir='ltr'>ullum</span> 
     </span>
    </p>

    <p class='ocr_par' dir='ltr' id='par_1_20' title="bbox 273 3120 2279 3304">
     <span class='ocr_line' id='line_1_30' title="bbox 274 3120 2279 3209; baseline 0.002 -27"><span class='ocrx_word' id='word_1_194' title='bbox 274 3120 457 3183; x_wconf 85' lang='lat' dir='ltr'>Facti</span> <span class='ocrx_word' id='word_1_195' title='bbox 486 3123 717 3185; x_wconf 88' lang='lat' dir='ltr'>crimen</span> <span class='ocrx_word' id='word_1_196' title='bbox 745 3125 951 3187; x_wconf 86' lang='lat' dir='ltr'>habet.</span> <span class='ocrx_word' id='word_1_197' title='bbox 1033 3126 1206 3188; x_wconf 84' lang='lat' dir='ltr'>Cedo</span> <span class='ocrx_word' id='word_1_198' title='bbox 1235 3126 1286 3187; x_wconf 81' lang='lat' dir='ltr'>si</span> <span class='ocrx_word' id='word_1_199' title='bbox 1315 3137 1540 3189; x_wconf 87' lang='lat' dir='ltr'>conata</span> <span class='ocrx_word' id='word_1_200' title='bbox 1566 3128 1808 3209; x_wconf 86' lang='lat' dir='ltr'>peregit</span> <span class='ocrx_word' id='word_1_201' title='bbox 1832 3129 1863 3188; x_wconf 71' lang='grc' dir='ltr'>*Ρ</span> <span class='ocrx_word' id='word_1_202' title='bbox 2185 3143 2279 3187; x_wconf 86' lang='lat'>210</span> 
     </span>
     <span class='ocr_line' id='line_1_31' title="bbox 273 3219 1867 3304; baseline 0.004 -25"><span class='ocrx_word' id='word_1_203' title='bbox 273 3219 589 3300; x_wconf 82' lang='lat' dir='ltr'>Perpetua</span> <span class='ocrx_word' id='word_1_204' title='bbox 617 3222 895 3283; x_wconf 84' lang='lat' dir='ltr'>anxietas</span> <span class='ocrx_word' id='word_1_205' title='bbox 923 3243 1039 3284; x_wconf 90' lang='lat' dir='ltr'>nec</span> <span class='ocrx_word' id='word_1_206' title='bbox 1064 3244 1315 3285; x_wconf 81' lang='lat' dir='ltr'>mensae</span> <span class='ocrx_word' id='word_1_207' title='bbox 1341 3234 1621 3304; x_wconf 86' lang='lat' dir='ltr'>tempore</span> <span class='ocrx_word' id='word_1_208' title='bbox 1651 3236 1867 3299; x_wconf 83' lang='lat' dir='ltr'>cessat,</span> 
     </span>
    </p>

    <p class='ocr_par' dir='ltr' id='par_1_21' title="bbox 276 3316 1763 3402">
     <span class='ocr_line' id='line_1_32' title="bbox 276 3316 1763 3402; baseline 0.005 -26"><span class='ocrx_word' id='word_1_209' title='bbox 276 3316 588 3380; x_wconf 83' lang='lat' dir='ltr'>Faucibus</span> <span class='ocrx_word' id='word_1_210' title='bbox 612 3328 686 3380; x_wconf 84' lang='lat' dir='ltr'>ut</span> <span class='ocrx_word' id='word_1_211' title='bbox 711 3320 927 3380; x_wconf 88' lang='lat' dir='ltr'>morbo</span> <span class='ocrx_word' id='word_1_212' title='bbox 957 3320 1148 3395; x_wconf 83' lang='lat' dir='ltr'>siccis,</span> <span class='ocrx_word' id='word_1_213' title='bbox 1175 3320 1460 3402; x_wconf 87' lang='lat' dir='ltr'>interque</span> <span class='ocrx_word' id='word_1_214' title='bbox 1501 3322 1763 3383; x_wconf 85' lang='lat' dir='ltr'>molares</span> 
     </span>
    </p>
   </div>
   <div class='ocr_carea' id='block_1_3' title="bbox 142 3539 441 3642">
    <p class='ocr_par' dir='ltr' id='par_1_22' title="bbox 142 3539 441 3642">
     <span class='ocr_line' id='line_1_33' title="bbox 142 3539 441 3642; baseline 0 -64"><span class='ocrx_word' id='word_1_215' title='bbox 142 3539 441 3642; x_wconf 40' lang='lat' dir='ltr'>„q</span> 
     </span>
    </p>
   </div>
   <div class='ocr_carea' id='block_1_4' title="bbox 2733 15 2734 1047">
    <p class='ocr_par' dir='ltr' id='par_1_23' title="bbox 2733 15 2734 1047">
     <span class='ocr_line' id='line_1_34' title="bbox 2733 15 2734 1047; baseline 0 0"><span class='ocrx_word' id='word_1_216' title='bbox 2733 15 2734 1047; x_wconf 95' lang='lat' dir='ltr'> </span> 
     </span>
    </p>
   </div>
  </div>
 </body>
</html>
