2734 4017
387 203 474 268 42
998 219 1070 266 D.
1103 219 1310 268 amm
1352 219 1768 268 JUVENALIS

389 387 608 450 Solvet
633 393 699 447 et
723 385 1010 447 infundet
1040 385 1341 466 jumentis
1369 386 1602 448 hordea
1626 387 1819 449 lassis.

383 485 635 547 Interea
662 483 814 544 dum
839 483 1079 543 lanatas
1106 492 1477 563 torvumque
1508 483 1849 563 juvencum
2304 502 2397 547 155

385 584 564 645 More
592 580 838 640 Numae
867 579 1071 639 caedit
1096 579 1140 641 J
1141 580 1274 640 ovis
1302 589 1448 640 ante
1478 580 1711 656 altaria,
1729 582 1902 662 jurat

387 681 599 744 Solam
626 679 912 759 Eponam
939 685 1004 737 et
1030 677 1214 737 facies
1242 678 1411 738 olida
1437 678 1516 737 ad
1543 681 1860 761 praesepia
1884 681 2100 762 pictas.

389 779 513 841 Sed
543 799 730 860 quum
761 774 1092 857 pervigiles
1118 775 1323 854 placet
1350 774 1694 838 instaurare
1719 779 1998 861 popinaS,

386 877 625 938 Obvius
653 876 898 938 assiduo
930 875 1359 954 Syrophoenix
1389 877 1550 937 udus
1578 898 1824 940 amomo

387 976 613 1052 Currit,
642 976 975 1038 Idumaeae
1007 973 1439 1054 Syrophoenix
1467 974 1671 1036 incola
1695 985 1929 1055 portae,
2311 990 2401 1037 160

388 1073 668 1154 Hospitis
697 1073 921 1133 affectu
950 1071 1272 1131 dominum
1299 1092 1634 1153 regemque
1662 1073 1908 1146 salutat,

386 1171 474 1231 Et
502 1192 644 1231 cum
671 1170 876 1231 venali
906 1170 1121 1249 Cyane
1149 1169 1467 1231 succincta
1494 1171 1734 1251 lagena.

467 1267 775 1328 Defensor
801 1268 1016 1347 culpae
1046 1267 1215 1328 dicet
1242 1267 1412 1342 mihi,
1444 1274 1480 1305 ‘⁸
1502 1266 1791 1329 Fecimus
1817 1276 1883 1328 et
1908 1287 2023 1328 nos

387 1362 563 1424 Haec
594 1363 911 1444 juvenes.”
995 1363 1172 1424 Esto.
1254 1362 1491 1425 Desisti
1521 1384 1762 1445 nempe,
1789 1385 1906 1426 nec
1934 1365 2097 1425 ultra

389 1460 631 1521 Fovisti
659 1481 945 1521 errorem.
1027 1460 1231 1521 Breve
1260 1461 1358 1535 sit,
1389 1462 1559 1542 quod
1587 1462 1853 1542 turpiter
1880 1463 2107 1536 audes;
2309 1474 2403 1519 105

390 1557 714 1630 Quaedam
743 1578 885 1618 cum
910 1558 1111 1638 prima
1138 1569 1495 1620 resecentur
1522 1560 1778 1620 crimina
1803 1560 2028 1633 barba3

388 1653 657 1735 Indulge
684 1655 932 1715 veniam
959 1656 1180 1736 pueris.
1261 1656 1605 1718 Lateranus
1630 1656 1710 1716 ad
1736 1656 1876 1717 illos

389 1751 796 1812 Thermarum
824 1753 1043 1814 calices
1070 1753 1488 1834 inscriptaque
1516 1754 1709 1814 lintea
1735 1753 1910 1815 vadit

387 1848 674 1910 Maturus
701 1850 883 1923 bello,
910 1850 1246 1911 Armeniae
1278 1850 1616 1931 Syriaeque
1643 1850 1893 1912 tuendis

389 1945 698 2007 Amnibus
726 1956 792 2008 et
817 1946 1044 2008 Rheno
1074 1957 1259 2028 atque
1288 1946 1472 2009 Istro.
1553 1947 1877 2008 Praestare
1905 1946 2219 2007 Neronem
2311 1960 2405 2008 170

392 2043 692 2104 Securum
719 2044 889 2105 valet
916 2046 1070 2105 haec
1100 2053 1288 2105 aetas.
1374 2044 1563 2105 Mitte
1591 2044 1768 2120 ostia,
1797 2044 2038 2119 Caesar,

389 2141 597 2216 Mitte,
627 2140 736 2202 sed
764 2141 830 2201 in
859 2161 1086 2222 magna
1112 2142 1391 2222 legatum
1421 2162 1647 2223 quaere
1674 2141 1941 2222 popina3

390 2238 680 2300 Invenies
708 2239 914 2319 aliquo
943 2259 1084 2299 cum
1111 2259 1470 2320 percussore
1502 2240 1834 2320 jacentem,

391 2337 780 2398 Permixtum
807 2337 1012 2398 nautis
1041 2346 1105 2398 et
1134 2336 1370 2398 furibus
1399 2357 1472 2397 ac
1498 2336 1792 2417 fugitivis,

391 2434 568 2496 Inter
594 2435 907 2496 carnifices
936 2445 1001 2497 et
1027 2436 1234 2498 fabros
1263 2434 1722 2516 sandapilarum
2163 2427 2182 2442 ⁸
2313 2448 2407 2495 175

393 2535 480 2595 Et
506 2535 845 2616 resupinati
874 2525 1175 2597 cessantia
1203 2544 1505 2615 tympana
1530 2532 1712 2594 Galli.

392 2634 616 2714 Aequa
642 2632 729 2693 ibi
755 2633 1025 2709 libertas,
1055 2631 1408 2694 communia
1436 2630 1675 2712 pocula,
1701 2630 1899 2691 lectus

393 2729 544 2791 Non
572 2730 727 2791 alius
755 2730 1058 2811 cuiquam,
1087 2749 1204 2791 nec
1230 2748 1444 2790 mensa
1469 2725 1764 2787 remotior
1790 2724 1917 2784 ulli.

395 2829 563 2902 Quid
591 2828 778 2889 facias
804 2830 996 2889 talem
1024 2827 1296 2900 sortitus,
1323 2824 1607 2898 Pontice,
1636 2841 1883 2883 servum
1898 2821 1928 2880 Ῥ

396 2928 641 3008 Nempe
669 2926 734 2987 in
761 2925 1045 2986 Lucanos
1075 2932 1184 2984 aut
1212 2922 1417 2983 Tusca
1445 2921 1758 3001 ergastula
1782 2919 2013 2979 mittas.
2319 2932 2409 2977 180

394 3027 489 3086 At
515 3045 646 3100 vos,
675 3023 1083 3103 Trojugenae‚
1111 3020 1287 3081 vobis
1314 3018 1647 3099 ignoscitiS,
1679 3027 1744 3077 et
1772 3036 1928 3097 quae

395 3122 629 3201 Turpia
658 3119 911 3182 cerdoni
936 3118 1201 3180 Volesos
1230 3116 1618 3196 Brutumque
1647 3115 1975 3176 decebunt.

378 3261 391 3274 ,
478 3219 664 3293 Quid,
693 3217 745 3278 si
772 3235 1108 3297 numquam
1137 3214 1291 3274 adeo
1318 3213 1516 3273 foedis
1543 3213 1820 3292 adeoque
1849 3211 2157 3292 pudendis

397 3316 658 3379 Utimur
685 3314 981 3394 exemplis
1008 3322 1082 3373 ut
1109 3332 1234 3371 non
1262 3311 1475 3391 pejora
1501 3310 1809 3389 supersint
1829 3311 1859 3370 Ῥ

400 3412 800 3494 Consumptis
827 3409 1047 3492 opibus
1073 3428 1308 3481 vocem,
1337 3406 1734 3490 Damasippe‚
1762 3406 1982 3468 locasti
2315 3420 2407 3467 185
