2734 4017
1100 224 1373 273 sA'rmA
1426 226 1585 274 v111.
2258 208 2342 276 41

323 394 631 455 Fortibus
660 402 725 452 et
750 392 1023 453 miseris:
1064 392 1247 453 tollas
1274 393 1422 454 licet
1449 412 1632 453 omne
1661 393 1827 476 quod
1856 414 2115 474 usquam
2142 402 2239 454 est

323 492 496 552 Auri
518 501 708 571 atque
732 488 994 570 argenti,
1023 499 1266 550 scutum
1293 490 1694 571 gladiumque
1720 491 2029 572 relinques

325 589 422 649 Et
450 589 662 670 jacula
689 597 754 648 et
779 588 1056 669 galeam:
1100 587 1379 667 spoliatis
1407 607 1578 650 arma
1605 599 1951 669 supersunt.

416 686 604 759 Quod
630 685 818 745 modo
845 684 1136 765 proposui
1163 705 1291 745 non
1319 695 1416 746 est
1444 686 1785 747 sententia:
1825 706 2045 748 verum
2251 700 2343 748 125

329 784 587 844 Credite
614 803 715 844 me
743 783 920 844 vobis
945 783 1162 844 folium
1187 783 1448 846 recitare
1479 783 1772 863 Sibyllae.

329 881 405 940 Si
429 881 544 941 tibi
571 890 786 942 sancta
813 881 1032 942 cohors
1059 880 1374 955 comitum,
1405 881 1457 941 si
1483 900 1667 943 nemo
1695 880 1966 941 tribunal

326 977 574 1038 Vendit
600 978 1059 1050 Acersecomes,
1086 977 1139 1038 si
1166 977 1411 1038 nullum
1436 976 1502 1038 in
1532 978 1792 1058 conjuge
1820 978 2069 1053 crimen,

326 1072 471 1135 Nec
497 1094 609 1155 per
634 1083 979 1136 conventus
1006 1083 1073 1135 et
1100 1084 1325 1135 cuncta
1348 1094 1462 1156 per
1490 1075 1720 1155 oppida
1746 1075 1952 1136 curvis

327 1171 668 1252 Unguibus
694 1172 783 1232 ire
810 1182 989 1251 parat
1015 1191 1303 1232 nummos
1329 1182 1585 1252 raptura
1612 1173 1882 1234 Celaeno
1903 1192 1921 1247 3
2252 1187 2344 1233 130

327 1267 512 1329 'I’unc
538 1268 683 1329 licet
712 1288 750 1329 a
775 1269 928 1329 Pico
956 1288 1242 1329 numeres
1268 1289 1483 1349 genus,
1512 1270 1758 1349 altaque
1787 1270 1838 1329 si
1865 1278 1930 1330 te

325 1364 606 1425 Nomina
633 1365 964 1441 delectant,
992 1386 1240 1427 omnem
1268 1366 1563 1426 Titanida
1589 1385 1864 1446 pugnam

324 1459 506 1520 Inter
531 1460 795 1540 majores
822 1460 1145 1541 ipsumque
1175 1461 1552 1522 Promethea
1578 1481 1808 1541 ponas:

324 1557 428 1617 De
458 1576 824 1637 quocunque
854 1557 1024 1618 voles
1049 1577 1351 1637 proavum
1379 1558 1495 1619 tibi
1522 1557 1751 1620 sumito
1780 1558 1954 1621 libro.

326 1655 518 1728 Quod
546 1654 599 1714 si
624 1655 1024 1735 praecipitem
1049 1654 1213 1733 rapit
1240 1655 1498 1715 ambitio
1527 1665 1712 1736 atque
1741 1655 1951 1732 libido,
2250 1671 2342 1719 136

327 1752 399 1813 Si
424 1751 658 1832 frangis
685 1751 891 1831 virgas
919 1752 1228 1812 sociorum
1256 1753 1321 1813 in
1350 1753 1669 1832 sanguine,
1699 1753 1751 1814 si
1777 1763 1843 1815 te

322 1849 662 1910 Delectant
687 1849 942 1909 hebetes
968 1849 1129 1909 lasso
1159 1848 1375 1910 lictore
1405 1869 1665 1925 secures,

323 1946 560 2026 Incipit
583 1946 857 2030 ipsorum
887 1955 1106 2007 contra
1132 1955 1197 2007 te
1226 1956 1391 2007 stare
1419 1956 1748 2026 parentum

323 2044 642 2105 Nobilitas
670 2044 1018 2124 claramque
1045 2043 1245 2105 facem
1270 2045 1575 2124 praeferre
1601 2045 1927 2125 pudendis.

325 2141 534 2203 Omne
561 2141 753 2203 animi
780 2142 1004 2203 vitium
1032 2150 1211 2203 tanto
1241 2142 1630 2222 conspectius
1657 2143 1723 2203 in
1752 2164 1817 2205 se
2247 2159 2343 2208 140

324 2239 578 2304 Crimen
606 2240 813 2314 habet,
841 2248 1076 2319 quanto
1103 2239 1301 2320 major
1329 2240 1438 2319 qui
1464 2250 1681 2321 peccat
1707 2242 1987 2303 habetur.

324 2340 472 2413 Quo
498 2337 654 2398 mihi
678 2348 745 2399 te
773 2338 1024 2400 solitum
1050 2338 1234 2399 falsas
1262 2337 1507 2418 signare
1535 2339 1795 2400 tabellas

322 2438 405 2500 In
431 2436 680 2518 templis
707 2456 864 2517 quae
891 2435 1038 2497 fecit
1068 2456 1219 2497 avus
1246 2446 1639 2517 statuamque
1666 2438 1941 2517 parentis

323 2538 501 2599 Ante
528 2534 967 2617 triumphalem
987 2535 1017 2594 ⁸?
1059 2556 1183 2616 quo
1211 2535 1264 2598 si
1292 2543 1633 2596 nocturnus
1660 2535 1905 2596 adulter

323 2634 638 2715 Tempora
668 2632 1006 2695 Santonico
1034 2633 1205 2695 velas
1232 2632 1534 2712 adoperta
1560 2634 1800 2694 cucullo
1820 2635 1851 2693 1³
2248 2648 2341 2696 145

409 2738 670 2799 Praeter
694 2737 1000 2818 majorum
1030 2735 1266 2804 cineres
1295 2745 1484 2816 atque
1512 2754 1651 2796 ossa
1677 2734 1916 2796 volucri

327 2834 643 2916 Carpento
670 2835 909 2917 rapitur
934 2833 1183 2915 pinguis
1210 2833 1573 2908 Lateranus,
1602 2842 1667 2894 et
1694 2832 1844 2914 ipse,

322 2932 470 3013 Ipse
497 2942 700 2994 rotam
727 2930 1061 3011 adstringit
1088 2931 1286 2991 multo
1315 2929 1655 2992 sufflamine
1685 2931 1957 3007 Consu13

323 3031 534 3093 Nocte
562 3017 830 3112 quidem,
857 3029 969 3091 sed
997 3030 1144 3089 luna
1163 3029 1355 3103 videt,
1386 3030 1494 3089 scd
1523 3030 1725 3092 sidera
1751 3039 1944 3092 testes

324 3127 676 3189 Intendunt
704 3127 933 3189 oculos·
1015 3125 1295 3187 Finitum
1326 3135 1573 3205 tempus
1600 3128 1852 3189 honoris
2247 3138 2341 3184 150

328 3226 542 3298 Quum
565 3225 770 3299 fuerit,
799 3226 965 3285 clara
993 3222 1334 3284 Lateranus
1365 3223 1501 3284 luce
1529 3224 1844 3304 flagellum

329 3322 550 3384 Sumet
578 3331 644 3383 et
671 3341 994 3383 occursum
1021 3339 1336 3400 nunquam
1366 3321 1704 3401 trepidabit
1732 3322 1912 3383 amici

325 3419 372 3482 J
372 3439 474 3481 am
500 3418 678 3494 senis,
706 3438 779 3481 ac
804 3418 984 3498 virga
1010 3416 1178 3497 prior
1205 3426 1438 3478 annuet
1466 3427 1652 3498 atque
1679 3419 1984 3499 maniplos
