2734 4017
359 217 441 280 26
967 231 1039 276 n.
1072 229 1279 277 amm
1320 230 1736 279 JUVENALIS

357 399 624 480 Propter
651 397 818 478 quod
846 395 1085 456 Romae
1114 416 1256 457 cum
1282 397 1598 458 Bocchare
1627 418 1809 458 nemo
1838 399 2101 474 lavatur,

358 495 545 568 Quod
578 505 746 555 tutos
775 494 965 554 etiam
993 493 1141 553 facit
1169 513 1209 553 a
1233 495 1621 574 serpentibus
1647 496 1853 556 Afros.

354 594 588 654 Mullus
616 593 732 653 erit
761 592 1015 665 domini,
1045 611 1229 671 quem
1256 592 1425 653 misit
1454 593 1703 654 Corsica
1729 594 1829 654 vel
1858 613 2046 674 quem

355 690 915 751 Tauromenitanae
943 708 1143 768 rupes,
1168 690 1416 768 quando
1445 711 1626 751 omne
1652 701 1973 770 peractum
2001 699 2097 751 est

354 789 440 849 Et
467 789 602 868 jam
631 787 856 847 defecit
881 796 1165 847 nostrum
1191 806 1378 861 mare,
1406 787 1557 847 dum
1582 789 1730 869 gula
1758 788 1957 850 saevit

354 886 618 948 Retibus
649 884 911 945 assiduis
933 884 1181 964 penitus
1210 896 1526 946 scrutante
1554 885 1813 946 macello

355 983 667 1057 Proxima,
697 1002 813 1042 nec
840 981 1077 1061 patitur
1105 972 1496 1061 Tyrrhenum
1526 1003 1797 1044 crescere
1824 984 2073 1064 piscem.

353 1081 617 1142 Instruit
646 1099 794 1159 ergo
823 1080 1029 1139 focum
1055 1080 1415 1159 provincia3
1456 1081 1718 1141 sumitur
1744 1081 1914 1143 illinc

356 1178 544 1252 Quod
573 1188 855 1257 captator
880 1185 1047 1236 emat
1072 1175 1330 1250 Laenas,
1358 1178 1618 1238 Aurelia
1643 1180 1895 1241 vendat.

352 1276 604 1337 Virroni
631 1293 924 1335 muraena
952 1274 1154 1348 datur,
1183 1294 1340 1354 quae
1370 1275 1637 1335 maxima
1664 1278 1837 1338 venit

351 1373 613 1454 Gurgite
644 1373 721 1432 de
753 1371 995 1446 Sicu103
1037 1391 1180 1431 nam
1209 1373 1360 1432 dum
1387 1392 1453 1433 se
1483 1375 1761 1435 continet
1789 1376 2040 1453 Auster,

349 1471 521 1532 Dum
549 1471 725 1531 sedet
753 1478 817 1529 et
844 1469 1033 1529 siccat
1059 1470 1340 1530 madidas
1367 1471 1432 1531 in
1461 1491 1701 1533 carcere
1729 1494 1982 1553 pennas,

353 1571 778 1633 Contemnunt
806 1567 1076 1627 mediam
1103 1569 1430 1629 temeraria
1456 1571 1585 1630 lina
1614 1572 2012 1651 Charybdim.

350 1668 486 1729 Vos
514 1666 784 1747 anguilla
811 1675 1022 1726 manet
1048 1666 1270 1745 longae
1299 1678 1566 1747 cognata
1592 1670 1898 1747 colubrae,

348 1766 485 1827 Aut
510 1765 706 1846 glacie
735 1784 1014 1845 aspersus
1041 1764 1298 1825 maculis
1327 1764 1654 1827 Tiberinus
1682 1777 1746 1828 et
1773 1768 1904 1848 ipse

349 1864 628 1925 Vernula
653 1863 941 1943 riparum,
969 1862 1216 1943 pinguis
1245 1873 1519 1924 torrente
1549 1866 1771 1941 cloaca,

346 1962 436 2023 Et
463 1962 679 2023 solitus
706 1961 947 2020 mediae
977 1971 1257 2041 cryptam
1283 1975 1607 2041 penetrare
1639 1964 1966 2027 Suburrae.

427 2060 556 2141 Ipsi
585 2079 786 2141 pauca.
807 2060 1010 2134 velim,
1042 2060 1285 2121 facilem
1314 2062 1366 2123 si
1396 2063 1690 2141 praebeat
1717 2084 1945 2126 aurem.

347 2162 552 2222 Nemo
579 2160 738 2241 petit
766 2159 1025 2221 modicis
1054 2180 1209 2240 quae
1238 2161 1646 2223 mittebantur
1674 2164 1884 2225 amicis

345 2259 408 2317 A
440 2259 690 2333 Seneca,
724 2277 880 2338 quae
911 2256 1059 2318 Piso
1086 2257 1302 2334 bonus,
1334 2280 1491 2340 quae
1523 2260 1711 2321 Cotta
1737 2262 1974 2322 solebat

344 2357 616 2438 Largiri:
659 2378 924 2439 namque
955 2369 1019 2420 et
1045 2358 1242 2420 titulis
1272 2368 1335 2419 et
1362 2358 1628 2421 fascibus
1658 2360 1805 2421 olim

343 2455 550 2535 Major
575 2456 917 2544 habebatur
946 2456 1217 2517 donandi
1245 2456 1478 2537 gloria:
1520 2458 1721 2519 solum

345 2553 666 2617 Poscimus
693 2565 766 2616 ut
795 2575 1016 2617 coenes
1047 2557 1326 2619 civiliter.
1413 2557 1555 2619 Hoc
1585 2559 1718 2619 face
1748 2566 1812 2619 et
1839 2568 1993 2633 estc,

343 2651 517 2728 Esto,
549 2662 619 2714 ut
647 2674 810 2714 nunc
838 2655 1037 2735 multi,
1069 2654 1241 2715 dives
1269 2655 1386 2716 tibi
1415 2675 1649 2736 pauper
1677 2656 1903 2717 amicis,

423 2751 678 2812 Anseris
709 2761 851 2811 ante
880 2752 1080 2831 ipsum
1111 2754 1317 2832 magni
1342 2753 1537 2833 jecur,
1566 2754 1881 2815 anseribus
1907 2772 2018 2834 par

341 2848 556 2909 Altilis
584 2858 648 2908 et
675 2848 819 2907 flavi
848 2849 1072 2928 dignus
1100 2848 1260 2908 ferro
1289 2848 1589 2930 Meleagri

342 2944 573 3006 Fumat
602 2965 783 3024 aper:
823 2955 966 3025 post
994 2946 1161 3006 hunc
1189 2946 1517 3007 tradentur
1543 2949 1776 3025 tubera,
1807 2948 1857 3009 si
1885 2968 1997 3009 ver

341 3040 520 3102 Tunc
548 3043 665 3102 erit
692 3051 756 3102 et
785 3042 1012 3102 facient
1041 3051 1256 3121 optata
1285 3043 1562 3105 tonitrua
1590 3065 1809 3106 coenas

339 3138 628 3218 MajoreS.
712 3146 746 3176 ‘⁴
767 3138 909 3199 Tibi
935 3140 1094 3198 habe
1121 3138 1550 3215 frumentum,”
1579 3142 1851 3204 Allidius
1880 3143 2095 3223 inquit,
2178 3220 2182 3225 ⁴

343 3243 377 3272 “
400 3236 455 3295 O
485 3235 722 3316 Libye3
766 3236 1053 3316 disjunge
1082 3236 1275 3295 boves
1304 3236 1453 3296 dum
1482 3239 1701 3299 tubera
1726 3240 1992 3302 mittas.”

344 3332 731 3394 Structorem
759 3334 1013 3408 interea,
1042 3352 1122 3393 ne
1153 3352 1274 3412 qua
1302 3332 1648 3414 indignatio
1676 3338 1854 3413 desit,

344 3430 692 3492 Saltantem
721 3439 962 3511 spectas
992 3437 1057 3491 et
1084 3429 1558 3492 chironomunta
1585 3436 1823 3496 volanti

2298 902 2361 948 95

2267 1393 2360 1441 100

2260 1883 2356 1930 105

2262 2377 2354 2424 110

2261 2863 2354 2908 115

2257 3352 2354 3396 120
