2734 4017
1127 266 1401 314 SA‘rmA
1444 266 1575 315 v11.
2278 249 2364 316 29

1091 924 1422 989 SATIRA
1472 923 1627 988 VII.

354 1105 558 1251 ET
584 1125 726 1188 spes
751 1116 818 1169 et
843 1104 1003 1167 ratio
1031 1104 1383 1167 studiorum
1408 1103 1474 1165 in
1503 1104 1767 1168 Caesare
1794 1109 2079 1166 tantum:

557 1194 752 1266 Solus*
767 1203 935 1265 enim
959 1202 1172 1265 tristes
1197 1203 1315 1263 hac
1340 1210 1713 1282 tempestate
1742 1201 2047 1265 Camenas

350 1300 670 1382 Respexit,
700 1320 891 1382 quum
918 1300 1053 1381 jam
1081 1299 1352 1361 celebres
1378 1298 1633 1379 notique
1660 1308 1883 1378 poetae

351 1398 722 1459 Balneolum
749 1397 982 1471 Gabiis,
1010 1395 1250 1457 Romae
1277 1395 1624 1456 conducere
1650 1395 1863 1457 furnos

350 1495 777 1576 Temptarent,
803 1514 920 1556 nec
945 1494 1200 1556 foedum
1227 1492 1334 1553 alii
1359 1512 1477 1553 nec
1504 1502 1685 1571 turpe
1711 1501 2008 1573 putarent
2327 1509 2362 1554 15

350 1591 699 1653 Praecones
723 1591 892 1667 fieri;
933 1610 1127 1671 quum
1154 1590 1414 1651 desertis
1439 1588 1804 1671 Aganippes

348 1687 639 1750 Vallibus
667 1688 939 1750 esuriens
965 1687 1263 1767 migraret
1287 1686 1352 1747 in
1382 1686 1540 1747 atria
1567 1686 1723 1749 olio.

350 1784 521 1847 Nam
547 1786 600 1848 si
627 1785 835 1847 Pieria
862 1784 1171 1868 quadrans
1197 1783 1313 1845 tibi
1341 1785 1547 1845 nullus
1572 1784 1640 1846 in
1668 1785 1887 1848 umbra

351 1883 753 1959 ostendatur,
781 1901 949 1947 ames
975 1900 1203 1943 nomen
1230 1881 1590 1963 victumque
1616 1880 2003 1959 Machaerae,

349 1982 438 2044 Et
464 1982 701 2043 vendas
725 1981 935 2063 potius
963 1981 1288 2042 commissa
1313 1980 1485 2061 quod
1514 1981 1722 2042 auctio
1748 1980 1967 2042 vendit
2301 1996 2362 2041 ιο

351 2080 692 2155 Stantibus,
724 2080 1165 2161 oenophorum,
1194 2078 1489 2158 tripodes,
1519 2078 1797 2154 armaria,
1825 2078 2029 2155 cistas,

348 2179 687 2241 Alcithoen
716 2177 922 2253 Pacci,
949 2177 1196 2239 Thebas
1224 2187 1289 2238 et
1317 2177 1518 2239 Terea
1543 2176 1780 2239 Fausti.

349 2277 492 2340 Hoc
518 2279 713 2340 satius
742 2296 928 2360 quam
954 2277 1006 2338 si
1034 2277 1204 2339 dicas
1231 2278 1346 2338 sub
1373 2276 1589 2357 judice
1617 2283 1652 2315 ‘⁶
1670 2275 1878 2352 Vidi,”

350 2378 538 2452 Quod
565 2398 691 2439 non
718 2377 968 2453 vidisti3
1006 2377 1240 2438 faciant
1267 2377 1508 2458 equites
1534 2375 1773 2452 Asiani,

350 2477 725 2558 Quanquam
754 2485 820 2538 et
851 2476 1251 2557 Cappadoces
1279 2475 1509 2537 faciant
1538 2474 1900 2557 equitesque
1927 2473 2205 2555 Bithyni,
2300 2487 2360 2533 15

346 2573 573 2635 Altera
598 2594 754 2655 quos
781 2575 954 2635 nudo
980 2573 1255 2634 traducit
1282 2573 1487 2634 Gallia
1513 2574 1661 2633 talo,
1689 2589 1695 2594 ·

348 2669 556 2732 Nemo
583 2679 793 2733 tamen
823 2670 1044 2732 studiis
1069 2669 1398 2750 indignum
1424 2670 1583 2730 ferre
1608 2669 1884 2731 laborem

353 2767 628 2848 Cogetur
652 2770 929 2849 posthac,
957 2767 1156 2828 nectit
1184 2768 1534 2848 quicunque
1564 2768 1803 2829 canoris

348 2863 684 2945 Eloquium
714 2865 929 2926 vocale
958 2864 1160 2925 modis
1187 2865 1553 2945 laurumque
1581 2866 1937 2927 momordit.

348 2961 492 3023 Hoc
519 2963 703 3043 agite,
731 2981 771 3023 o
794 2962 1061 3041 juvenes
1085 2981 1100 3021 ε
1142 2961 1557 3041 circumspicit
1584 2970 1651 3022 et
1678 2962 1957 3024 stimulat
1984 2981 2097 3024 vos
2297 2976 2362 3021 20

347 3058 802 3141 Materiamque
830 3058 948 3120 sibi
972 3058 1169 3119 Ducis
1198 3056 1592 3137 indulgentia
1619 3059 1878 3139 quaerit.

352 3155 420 3218 Si
448 3176 570 3238 qua
597 3156 847 3218 aliunde
874 3163 1058 3235 putas
1084 3173 1291 3214 rerum
1319 3155 1740 3233 exspectanda
1766 3164 2015 3216 tuarum

349 3251 687 3329 Praesidia,
718 3260 905 3331 atque
933 3250 1077 3311 ideo
1106 3267 1357 3311 croceae
1389 3250 1746 3311 membrana
1772 3252 2038 3312 tabellae

349 3348 672 3431 Impletur,
701 3349 1011 3429 lignorum
1038 3346 1269 3427 aliquid
1297 3366 1483 3425 posce
1512 3345 1701 3422 ocius,
1729 3358 1795 3409 et
1819 3367 1981 3428 quae

352 3446 689 3529 Componis
717 3446 882 3506 dona
906 3443 1192 3518 Veneris,
1221 3441 1528 3518 Telesine,
1554 3443 1797 3518 marito,
2295 3457 2362 3506 26
