2734 4017
390 231 474 294 32
997 247 1071 294 n.
1101 247 1308 296 Jmm
1350 247 1763 297 JUVENALIS

389 413 575 486 Quod
604 431 731 475 non
761 412 917 474 dant
941 433 1225 495 proceres
1254 414 1429 475 dabit
1454 413 1707 476 histrio:
1750 422 1823 474 tu
1852 413 2210 476 Camerinos
2325 428 2390 475 90

386 509 474 571 Et
500 509 747 585 Bareas,
775 518 848 570 tu
874 511 1176 572 nobilium
1202 531 1431 592 magna
1457 511 1615 572 atria
1641 511 1863 573 curasP

387 607 742 669 Praefectos
770 607 1046 689 Pelopea
1069 608 1236 683 facit,
1264 608 1613 669 Philomela
1639 607 1939 670 tribunos.

386 705 578 767 Haud
605 714 815 767 tamen
839 704 1123 766 invideas
1148 707 1297 781 vati,
1327 725 1513 786 quem
1539 706 1780 787 pulpita
1805 714 2084 785 pascunt.

387 801 544 874 Quis
570 801 687 862 tibi
713 799 1043 861 Maecenas
1064 801 1094 860 P
1135 801 1270 881 quis
1298 821 1467 862 nunc
1493 802 1612 862 erit
1639 809 1747 862 aut
1775 800 2137 862 Proculeius

385 900 522 960 Aut
550 898 780 960 Fabius
798 899 828 958 P
869 898 1006 978 quis
1035 899 1225 960 Cotta
1250 899 1477 960 iterum
1492 900 1522 959 P
1563 899 1701 979 quis
1727 897 2031 959 Lentulus
2058 899 2258 959 alter?
2330 914 2395 960 95

385 995 566 1058 Tunc
591 1016 704 1076 par
729 995 981 1076 ingenio
1008 996 1314 1076 pretium3
1357 1005 1511 1058 tunc
1538 997 1690 1058 utile
1716 996 1928 1057 multis

385 1093 628 1154 Pallere
657 1102 722 1153 et
750 1093 965 1153 vinum
992 1102 1130 1155 toto
1157 1094 1393 1154 nescire
1420 1092 1768 1154 Decembri.

464 1190 694 1252 Vester
719 1210 902 1271 porro
928 1190 1103 1250 labor
1129 1190 1466 1265 fecundior,
1494 1190 1891 1252 historiarum

387 1289 731 1369 Scriptores
746 1289 776 1348 P
815 1288 975 1367 petit
1000 1288 1103 1348 hic
1128 1289 1267 1368 plus
1294 1288 1593 1369 temporis
1621 1297 1807 1368 atque
1834 1288 1953 1349 olei
1980 1288 2155 1371 plus:

384 1386 674 1465 Namque
703 1385 896 1445 oblita
922 1384 1093 1445 modi
1121 1385 1450 1446 millesima
1474 1386 1704 1466 pagina
1730 1385 1927 1465 surgit
2302 1401 2397 1446 100

386 1483 690 1543 Omnibus
719 1490 784 1542 et
812 1484 1011 1543 multa
1037 1483 1257 1543 crescit
1283 1483 1581 1543 damnosa
1605 1500 1859 1563 papyro.

386 1580 490 1641 Sic
516 1580 736 1660 ingens
762 1599 967 1640 rerum
996 1599 1289 1641 numerus
1307 1580 1492 1660 jubet
1520 1589 1706 1660 atque
1734 1599 1989 1659 operum
2017 1582 2138 1641 lex.

386 1677 564 1750 Quae
591 1686 802 1738 tamen
831 1676 978 1736 inde
1005 1677 1229 1756 seges?
1268 1685 1471 1737 terrae
1499 1677 1636 1757 quis
1660 1677 1899 1737 fructus
1925 1677 2223 1758 apertae?

384 1774 539 1847 Quis
567 1774 743 1834 dabit
769 1774 1060 1835 historico
1089 1784 1390 1854 quantum
1419 1774 1598 1835 daret
1625 1783 1765 1835 acta
1794 1774 2026 1855 legenti
2040 1773 2072 1833 P

462 1879 497 1909 “
516 1871 641 1932 Sed
667 1891 864 1951 genus
891 1869 1189 1951 ignavum
1218 1871 1386 1951 quod
1415 1872 1579 1932 lecto
1604 1871 1840 1952 gaudet
1866 1881 1932 1933 et
1959 1870 2228 1932 umbra.”
2297 1887 2392 1933 105

381 1968 503 2030 Dic
528 1969 722 2049 igitur
748 1968 898 2048 quid
927 1968 1251 2029 causidicis
1278 1968 1487 2029 civilia
1511 1977 1831 2049 praestent

384 2066 601 2128 Officia
627 2075 694 2127 et
719 2086 947 2146 magno
975 2066 1234 2127 comites
1259 2066 1324 2125 in
1353 2065 1517 2128 fasce
1545 2066 1754 2127 libelli.

381 2163 509 2244 Ipsi
537 2182 763 2244 magna
791 2173 1031 2238 sonant,
1062 2164 1170 2224 sed
1198 2173 1351 2224 tunc
1379 2183 1571 2243 quum
1599 2164 1867 2226 creditor
1894 2164 2068 2225 audit

382 2262 741 2341 Praecipue,
768 2262 870 2322 vel
898 2261 950 2322 si
976 2260 1189 2341 tetigit
1215 2262 1377 2322 latus
1406 2261 1604 2322 acrior
1628 2262 1739 2323 illo

383 2360 509 2434 Qui
536 2361 711 2422 venit
737 2361 819 2422 ad
845 2361 1102 2422 dubium
1128 2361 1350 2442 grandi
1379 2382 1521 2423 cum
1549 2362 1761 2422 codice
1788 2381 2032 2423 nomen.
2299 2378 2395 2425 110

381 2458 561 2520 Tunc
587 2459 890 2520 immensa
918 2459 1055 2520 cavi
1082 2460 1321 2540 spirant
1346 2459 1671 2522 mendacia
1695 2460 1872 2521 folles

382 2557 881 2637 Conspuiturque
910 2557 1094 2618 sinus.
1176 2557 1411 2619 Veram
1441 2557 1820 2637 deprendere
1847 2576 2110 2619 messem

382 2654 450 2715 Si
477 2655 646 2729 libet,
675 2655 821 2716 hinc
848 2664 1097 2716 centum
1124 2656 1498 2737 patrimonia
1525 2655 1990 2731 causidicorum,

379 2752 570 2813 Parte
600 2752 720 2812 alia
745 2753 944 2813 solum
973 2753 1196 2813 russati
1222 2772 1385 2832 pone
1415 2751 1745 2813 Lacernae.

381 2850 733 2913 Consedere
759 2848 1002 2909 Duces:
1042 2849 1240 2929 surgis
1267 2858 1339 2908 tu
1365 2848 1633 2927 pallidus
1660 2850 1829 2930 AJax
2294 2866 2387 2912 115
2443 2836 2450 2840 ’

377 2948 675 3010 Dicturus
705 2947 894 3008 dubia
921 2967 1035 3027 pro
1062 2947 1348 3007 libertate
1377 2946 1646 3008 bubulco

376 3045 420 3107 J
423 3046 620 3105 udice.
699 3043 948 3124 Rumpe
975 3043 1161 3104 miser
1187 3051 1436 3103 tensum
1455 3043 1650 3122 jecur,
1680 3053 1752 3106 ut
1778 3044 1894 3106 tibi
1922 3045 2084 3107 lasso

258 3164 262 3168 ⁴
378 3143 686 3223 Figantur
711 3142 940 3202 virides
970 3142 1273 3201 scalarum
1300 3140 1498 3219 gloria
1524 3141 1785 3220 palmae.

380 3240 567 3313 Quod
595 3239 766 3300 vocis
792 3237 1060 3319 pretium
1080 3238 1110 3297 P
1150 3237 1346 3297 siccus
1372 3240 1811 3316 petasunculus
1840 3249 1906 3301 et
1932 3260 2042 3300 vas

379 3336 810 3416 Pelamydum‚
841 3343 948 3395 aut
975 3342 1218 3395 veteres
1243 3333 1540 3394 Afrorum
1568 3335 1871 3415 epimenia
1896 3337 2085 3411 bulbi,
2294 3351 2385 3398 120

380 3434 515 3494 Aut
542 3434 758 3495 vinum
784 3430 995 3492 Tiberi
1023 3430 1371 3507 devectum,
1399 3431 1669 3511 quinque
1697 3432 1970 3512 lagenae,
