2734 4017
1166 187 1442 235 SATIRA
1484 186 1588 234 XI.

342 354 673 415 Omnibus
698 354 767 413 in
794 352 994 432 Libya
1019 352 1105 414 sit
1130 353 1467 426 montibus,
1492 353 1596 413 bic
1620 362 1833 414 tamen
1858 352 2027 414 idem

341 450 621 532 Ignoret
647 460 953 530 quantum
978 450 1208 509 ferrata
1233 450 1427 510 distet
1454 450 1532 511 ab
1560 469 1702 510 arca

346 548 681 609 Saeculus.
736 546 797 607 E
824 548 998 608 caelo
1025 547 1351 607 descendit
1376 548 1546 627 γνῶθι
1571 542 1823 621 σεωυτόν,

344 645 723 725 Figendum
748 654 815 705 et
842 644 1105 705 memori
1130 644 1527 705 tractandum
1551 653 1822 724 pectore,
1847 642 1978 703 sive

349 741 749 821 Gonjugium
775 761 1035 821 quaeras
1060 742 1164 801 vel
1190 741 1351 802 sacri
1375 741 1442 801 in
1467 750 1646 821 parte
1676 739 1943 801 Senatus

349 838 518 899 Esse
546 838 723 912 velis,
758 839 904 917 (nec
930 838 1095 898 enim
1122 838 1378 899 loricam
1403 838 1605 919 poscit
1630 837 1897 899 Achillis

350 934 703 1008 Thersites,
729 934 796 995 in
823 954 948 1013 qua
972 955 1040 995 se
1066 935 1437 997 traducebat
1461 934 1688 997 Ulixes

350 1031 728 1113 Ancipitem
743 1033 788 1110 3)
821 1051 933 1091 seu
958 1041 1032 1092 tu
1057 1051 1288 1112 magno
1314 1031 1666 1093 discrimine
1692 1051 1943 1093 causam

353 1127 709 1209 Protegere
737 1128 1007 1202 affectas,
1032 1137 1099 1189 te
1127 1129 1399 1203 consule,
1426 1129 1529 1189 dic
1553 1129 1670 1190 tibi
1697 1128 1835 1208 quis
1860 1128 1962 1203 sis,

361 1225 599 1287 Orator
626 1224 961 1286 vehemens
988 1245 1068 1285 an
1097 1225 1353 1287 Curtius
1381 1237 1448 1287 et
1480 1226 1704 1287 Matho
1728 1226 1980 1287 buccae.

359 1322 708 1384 Noscenda
735 1331 833 1383 est
858 1341 1147 1383 mensura
1172 1322 1269 1383 sui
1295 1323 1754 1403 spectandaque
1781 1323 1966 1384 rebus

361 1419 444 1480 In
471 1420 732 1481 summis
756 1419 1152 1498 minimisque
1174 1438 1192 1494 ;
1235 1419 1426 1481 etiam
1453 1439 1644 1499 quum
1670 1419 1854 1500 piscis
1886 1429 2145 1496 emetur,

361 1517 470 1578 Ne
497 1517 759 1577 mullum
790 1516 1003 1596 cupias
1031 1535 1223 1596 quum
1250 1516 1333 1577 sit
1359 1517 1475 1578 tibi
1501 1515 1690 1597 gobio
1718 1526 1965 1577 tantum

362 1614 441 1676 In
469 1615 705 1676 loculis.
785 1613 946 1687 Quis
971 1614 1140 1675 enim
1164 1623 1231 1675 te
1260 1613 1588 1675 deficiente
1615 1632 1909 1675 crumena

363 1712 456 1774 Et
482 1721 795 1773 crescente
820 1712 972 1792 gula
996 1720 1209 1773 manet
1237 1711 1460 1785 exitus,
1487 1729 1628 1771 aere
1653 1719 1916 1791 paterno

365 1810 470 1871 Ac
494 1810 680 1870 rebus
707 1809 925 1870 mersis
950 1809 1017 1870 in
1044 1818 1347 1883 ventrem,
1375 1807 1604 1869 fenoris
1631 1816 1820 1888 atque

367 1906 641 1987 Argenti
666 1906 875 1988 gravis
904 1915 970 1967 et
996 1925 1291 1988 pecorum
1318 1924 1728 1987 agrorumque
1757 1922 2043 1984 capacem
2061 1903 2094 1966 1³

366 2004 628 2066 Talibus
654 2024 692 2065 a
719 2004 987 2065 dominis
1014 2013 1160 2085 post
1187 2013 1414 2065 cuncta
1441 2002 1811 2064 novissimus
1838 2001 1970 2063 exit

372 2100 683 2176 AnnuluS,
710 2110 776 2161 et
805 2102 1006 2182 digito
1034 2101 1349 2162 mendicat
1377 2100 1583 2162 Pollio
1609 2101 1800 2161 nudo,

370 2198 439 2259 N
438 2219 522 2259 on
548 2200 927 2280 praematuri
952 2199 1190 2261 cineres
1217 2219 1332 2261 nec
1358 2198 1544 2260 funus
1571 2198 1859 2260 acerbum

372 2295 698 2371 Luxuriae,
726 2297 837 2357 sed
866 2307 1068 2359 morte
1095 2297 1293 2378 magis
1319 2297 1658 2358 metuenda
1686 2307 1987 2359 senectus.

375 2393 460 2453 Hi
486 2395 849 2475 plerumque
875 2395 1143 2475 gradus:
1185 2395 1497 2456 conducta
1523 2395 1785 2474 pecunia
1811 2393 2050 2456 Romae

376 2489 463 2552 Et
489 2510 697 2552 coram
725 2492 993 2553 dominis
1021 2493 1441 2568 consumitur3
1482 2492 1629 2553 inde
1658 2493 1763 2552 ubi
1789 2493 2067 2572 paullum

376 2587 606 2650 Nescio
635 2589 785 2668 quid
813 2599 1093 2669 superest
1119 2598 1186 2650 et
1211 2590 1405 2669 pallet
1432 2588 1659 2650 fenoris
1687 2598 1919 2663 auctor,

380 2683 503 2757 Qui
531 2695 773 2746 vertere
801 2688 1002 2747 solum
1030 2687 1216 2747 Baias
1245 2697 1311 2747 et
1337 2686 1420 2747 ad
1450 2686 1629 2748 Ostia
1657 2696 1946 2748 currunt:

379 2782 614 2843 Cedere
643 2803 909 2864 namque
936 2785 1070 2846 foro
1087 2785 1224 2864 jam
1249 2804 1376 2845 non
1404 2794 1500 2845 est
1529 2784 1802 2845 deterius
1830 2803 2017 2865 quam

378 2878 684 2959 Esquilias
712 2900 750 2941 a
774 2882 1039 2943 ferventi
1068 2882 1331 2962 migrare
1362 2881 1653 2944 Suburra.

380 2974 492 3038 Ille
523 2978 701 3038 dolor
729 2979 894 3039 solus
921 2979 1188 3059 patriam
1214 2978 1615 3059 fugientibus,
1641 2979 1750 3040 illa

379 3072 698 3136 Moestitia
722 3084 836 3150 est,
863 3077 1129 3136 caruisse
1158 3095 1321 3137 anno
1351 3076 1742 3138 Circensibus
1772 3096 1917 3139 uno.

382 3170 709 3251 Sanguinis
736 3172 801 3232 in
829 3172 984 3233 facie
1012 3193 1139 3233 non
1166 3173 1381 3233 haeret
1407 3180 1628 3252 gutta:
1669 3185 1991 3236 morantur

381 3265 571 3329 Pauci
598 3269 929 3329 ridiculum
954 3269 1297 3349 fugientem
1326 3288 1404 3329 ex
1433 3267 1610 3329 Urbe
1637 3267 1973 3332 Pudorem.

456 3363 795 3446 Experiere
821 3366 1007 3426 hodie
1034 3365 1333 3446 numquid
1362 3364 1774 3446 pulcherrima
1800 3366 1992 3439 dictu,

2291 166 2379 232 59

2321 1820 2385 1868 40

2320 2309 2386 2357 45

2324 2798 2389 2848 50

2325 3283 2389 3330 δῦ
