2734 4017
1152 241 1422 293 sATIRA
1464 242 1598 291 IV„
1638 277 1643 282 .

339 414 587 477 Vendit
614 423 828 495 agros:
868 412 979 473 sed
1007 411 1270 491 majores
1295 408 1532 490 Apulia
1556 407 1793 470 vendit.

341 514 578 587 Quales
605 522 757 573 tunc
784 510 997 590 epulas
1023 508 1228 589 ipsum
1251 507 1510 589 glutisse
1537 516 1828 586 putamus

342 610 877 692 Induperatorem,
906 626 1099 686 quum
1124 614 1223 665 tot
1249 603 1550 678 sestertia,
1576 611 1819 682 partem

340 709 654 791 Exiguam
682 718 746 771 et
773 705 1055 768 modicae
1083 712 1396 782 sumptam
1425 701 1504 762 de
1532 700 1808 781 margine
1836 720 2084 778 coenae,

341 806 701 887 Purpureus
727 805 936 886 magni
964 801 1225 863 ructarit
1252 818 1461 860 scurra
1487 797 1714 873 Palati,

338 905 383 966 J
385 925 486 965 arn
512 905 797 985 princeps
824 903 1144 984 Equitum,
1172 918 1400 979 magna
1427 895 1534 978 qui
1560 915 1715 956 voce
1741 896 1982 957 solebat

341 1002 636 1063 Vendere
663 1001 1006 1082 municipes
1030 1001 1225 1061 stacta
1253 997 1332 1057 de
1362 1012 1566 1055 merce
1593 992 1830 1054 siluros.
1917 1036 1921 1040 «

340 1098 574 1180 Incipe,
603 1100 897 1180 Calliope,
919 1099 1064 1160 licet
1092 1107 1158 1158 et
1186 1096 1547 1158 considere:
1590 1114 1717 1154 non
1744 1102 1841 1154 est

343 1197 760 1271 Cantandum,
787 1215 885 1258 res
912 1216 1060 1257 vera
1086 1196 1327 1276 agitur:
1369 1202 1634 1266 narrate,
1661 1190 1907 1271 puellae

339 1293 657 1356 Pierides:
698 1295 895 1374 prosit
921 1293 1073 1355 mihi
1099 1314 1213 1356 vos
1241 1293 1471 1354 dixisse
1497 1291 1753 1372 puellas.

422 1392 634 1464 Quum
659 1392 794 1473 jam
821 1391 1247 1452 semianimum
1275 1391 1575 1451 laceraret
1601 1386 1861 1448 Flavius
1887 1387 2102 1449 orbem

337 1488 620 1551 Ultimus
646 1498 712 1549 et
739 1490 920 1549 calvo
948 1488 1206 1549 serviret
1233 1486 1440 1549 Roma
1469 1485 1729 1560 Neroni,

337 1584 566 1647 Incidit
607 1583 902 1655 Hadriaci
936 1585 1204 1664 spatium
1233 1584 1594 1645 admirabile
1624 1583 1870 1647 rhombi

337 1684 510 1744 Ante
539 1683 795 1743 domum
822 1682 1087 1748 Veneris
1117 1701 1301 1763 quam
1326 1680 1559 1742 Dorica
1586 1681 1851 1742 sustinet
1877 1680 2123 1756 Ancon,

337 1780 755 1861 Implevitque
783 1781 986 1841 sinus:
1025 1800 1227 1861 neque
1257 1779 1422 1840 enim
1449 1779 1653 1841 minor
1679 1780 1961 1841 haeserat
1988 1779 2109 1839 illis

337 1879 511 1952 Quos
539 1879 739 1960 operit
765 1878 993 1959 glacies
1021 1878 1332 1940 Maeotica
1359 1887 1665 1958 ruptaque
1693 1877 1950 1938 tandem

337 1975 586 2037 Solibus
613 1976 873 2037 effundit
900 1975 1206 2056 torpentis
1231 1975 1315 2035 ad
1343 1975 1504 2035 ostia
1531 1974 1739 2049 Ponti,

333 2072 595 2135 Desidia
620 2074 832 2135 tardos
859 2082 924 2134 et
951 2074 1141 2153 longo
1168 2073 1396 2153 frigore
1425 2073 1703 2153 pingues.

331 2170 629 2232 Destinat
655 2171 776 2232 hoc
803 2180 1148 2232 monstrum
1176 2170 1436 2250 cymbae
1465 2170 1699 2251 linique
1727 2170 2025 2251 magister

333 2267 629 2329 Pontifici
656 2287 915 2329 summo·
998 2267 1156 2339 Quis
1182 2267 1346 2328 enim
1378 2287 1721 2348 proponere
1752 2268 1946 2329 talem

334 2366 469 2426 Aut
497 2384 702 2425 emere
732 2364 1007 2439 auderet,
1037 2384 1227 2444 quum
1254 2365 1439 2444 plena
1467 2374 1533 2426 et
1558 2365 1744 2427 litora
1770 2367 1973 2427 multo

331 2460 629 2523 Delatore
655 2462 859 2522 forent
877 2461 907 2521 ⁴?
985 2459 1266 2540 Dispersi
1296 2463 1578 2542 protinus
1608 2465 1787 2544 algae

332 2558 738 2638 Inquisitores
766 2566 1022 2640 agerent
1049 2577 1192 2619 cum
1219 2560 1453 2640 remige
1483 2561 1675 2636 nudo,

332 2654 398 2716 N
399 2665 481 2717 on
511 2644 853 2717 dubitaturi
877 2649 1208 2736 fugitivum
1240 2657 1446 2719 dicere
1474 2658 1709 2739 piscem

329 2752 797 2834 Depastumque
824 2752 935 2822 diu
961 2753 1199 2816 vivaria
1226 2756 1543 2831 Caesaris,
1526 2776 1541 2791 ·
1582 2756 1729 2817 inde

329 2849 628 2930 Elapsum
656 2859 932 2911 veterem
962 2851 1042 2912 ad
1071 2852 1392 2914 dominum
1423 2853 1649 2914 debere
1676 2852 1925 2916 reverti.

332 2948 399 3010 Si
428 2948 577 3028 quid
606 2947 902 3023 Palfuri0,
931 2948 984 3011 si
1014 2949 1322 3011 credimus
1348 2948 1705 3026 Armillat0,

330 3044 653 3125 Quidquid
681 3045 1085 3126 conspicuum
1111 3047 1516 3128 pulcrumque
1544 3056 1641 3108 est
1668 3067 1934 3129 aequore
1960 3016 2101 3110 toto

328 3142 458 3203 Res
483 3141 616 3202 fisci
644 3151 740 3203 est
769 3144 1121 3224 ubicunque
1149 3153 1341 3204 natat.
1423 3142 1778 3205 Donabitur
1807 3164 1955 3226 ergo

328 3239 430 3300 Ne
458 3249 689 3319 pereat.
769 3240 814 3301 J
817 3260 918 3300 am
945 3241 1186 3301 letifero
1215 3240 1475 3302 cedente
1504 3241 1739 3320 pruinis

308 3336 675 3413 “Autuan
703 3338 841 3415 jam
868 3346 1235 3417 quartanam
1263 3337 1652 3417 sperantibus
1682 3337 1898 3418 aegris,

333 3432 652 3530 §uidebat
679 3433 971 3496 deformis
996 3433 1195 3495 hiems
1221 3433 1638 3514 praedamque
1666 3443 1984 3499 recentem

2268 221 2353 288 19

2289 717 2356 765 30

2283 1695 2348 1741 40

2282 2185 2347 2232 45

2280 2674 2347 2721 50

2276 3157 2341 3203 55
