2734 4017
430 197 541 261 -82
1089 216 1162 263 1).
1192 215 1400 265 amm
1441 218 1858 269 'JUVENALIS

453 378 739 442 Culmina
767 379 1071 456 villarum,
1098 381 1348 443 Graecis
1376 384 1683 465 longeque
1710 379 1924 465 petitis

448 476 861 538 Marmo'ribus
891 478 1145 539 vincens
1174 478 1493 541 Fortunae
1519 491 1706 561 atque
1736 483 2031 548 Herculis·
2051 490 2285 565 aedem,
2406 510 2474 554 9ο

448 574 544 636 Ut
571 575 763 656 spado
792 575 1084 635 vincebat
1114 576 1422 654 Capitolia
1448 589 1661 639 nostra
1687 579 1965 642 Posides,

414 709 422 719 -
444 671 616 732 Dum
642 672 730 733 sio
757 691 905 753 ergo
932 671 1176 732 habitat
1206 672 1551 748 Cetronius,
1578 673 1889 739 imminuit
1915 699 2062 755 rem,

444 767 662 849 Fregit
689 789 855 851 opes,
880 789 995 831 neo
1022 787 1216 850 parva
1243 778 1448 830 tamen
1480 791 1769 833 mensura
1792 773 2044 837 relictae

443 865 649 928 Partis
676 877 845 943 erat3
874 867 1085 935 ,totam
1117 868 1278 928 hano
1307 867 1589 928 turbavit
1614 868 1778 931 filius
1806 889 2034 947 amens,
2146 916 2157 921 -

440 961 612 1023 Dum
637 965 891 1025 meliore
916 985 1109 1027 novas
1139 965 1375 1026 attollit
1403 981 1708 1027 marmore
1735 967 1931 1029 villas.
1972 1007 1982 1016 ι
2396 991 2461 1037 95

521 1059 791 1133 Quidam
820 1062 1022 1123 sortiti
1049 1073 1436 1124 metuentem
1466 1063 1724 1125 sabbata
1748 1076 1992 1146 patrem

413 1154 551 1217 -Nil
580 1169 823 1237 praeter
850 1160 1043 1221 nubes
1065 1163 1136 1226 ,et
1164 1161 1320 1222 caeli
1350 1180 1582 1222 numen
1613 1160 1895 1239 adorant,

438 1252 577 1314 Nec
603 1255 831 1316 distare
858 1267 1084 1336 putant
1111 1259 1382 1321 humana
1413 1280 1596 1322 earne
1626 1262 1888 1337 suillam,

438 1349 581 1423 Qua
606 1362 784 1433 pater
811 1354 1146 1430 abstinuit3
1188 1377 1332 1418 mox
1362 1367 1429 1419 et
1456 1360 1784 1440 praeputia
1810 1371 2075 1441 ponunt.

435 1445 749 1510 Romanas
778 1460 982 1512 autem
1015 1454 1179 1514 soliti
1209 1464 1608 1517 contemnere
1637 1456 1810 1538 leges
2189 1505 2221 1510 --
2314 1503 2318 1508 -
2359 1453 2455 1526 160

433 1543 477 1604 J
483 1545 767 1607 udaioum
794 1547 1077 1610 ediscunt
1101 1560 1166 1611 et
1192 1562 1445 1613 servant
1472 1573 1544 1614 ao
1572 1565 1863 1617 metuunt
1891 1556 2016 1638 jus,

407 1640 721 1704 ›Tradidit
738 1662 972 1706 arcano
1000 1648 1414 1730 quodcunque
1443 1649 1757 1714 volumine
1785 1654 2033 1732 Moses3

434 1739 584 1800 Non
612 1751 953 1803 monstrare
982 1745 1115 1813 vias
1144 1747 1360 1808 eadem
1391 1749 1510 1810 nisi
1537 1770 1710 1812 saera
1731 1753 1980 1829 colenti,

433 1835 799 1909 Quaesitum
827 1839 904 1899 ad
933 1840 1170 1904 fontem
1197 1844 1359 1906 solos
1390 1845 1695 1910 deducere
1725 1869 1967 1932 vet-pos·

415 1933 558 1994 ¹Sed
584 1933 763 2014 pater
786 1935 852 1998 in
880 1956 1080 2013 causa,
1112 1941 1212 2000 cui
1238 1942 1502 2022 septima
1531 1964 1809 2028 quaeque
1838 1950 1957 2012 fuit
1982 1951 2091 2013 lux
2350 1971 2440 2017 105

430 2029 668 2110 Ignava
694 2042 761 2095 et
785 2043 1028 2113 partem
1054 2035 1221 2098 vitae
1249 2059 1376 2100 non
1406 2042 1620 2123 attigit
1648 2045 1854 2107 ullam.
2400 2036 2415 2043 ’

411 2167 414 2174 -
511 2126 745 2209 Sponte
773 2138 984 2191 tamen
1014 2133 1280 2212 juvenes
1307 2135 1634 2201 imitantur
1662 2153 1884 2220 cetera,
1913 2146 2107 2208 solam

428 2224 621 2286 Inviti
648 2246 891 2307 quoque
920 2225 1242 2291 avaritiam
1272 2252 1558 2298 exercere
1590 2238 1907 2319 jubentur.

428 2321 616 2383 Fallit
644 2323 810 2384 enim
835 2324 1055 2386 vitium
1086 2329 1288 2408 speeie
1317 2331 1569 2396 virtutis
1592 2322 1662 2398 'et
1689 2341 1923 2415 umbra,

428 2418 637 2492 Quum
655 2409 746 2481 nsit
774 2421 949 2483 triste
978 2424 1195 2487 habitu
1222 2430 1526 2510 vultuque
1555 2443 1621 2495 et
1646 2447 1820 2498 veste
1849 2458 2147 2502 severum.
2344 2428 2438 2505 110

425 2515 563 2578 Neo
591 2517 776 2579 dubie
801 2529 1098 2601 tanquam
1126 2523 1289 2605 frugi
1319 2527 1611 2592 laudatur
1639 2552 1874 2611 avaruS,

425 2612 745 2694 Tanquam
774 2635 993 2696 parcus
1020 2620 1207 2682 homo
1236 2633 1302 2684 et
1330 2645 1535 2688 rerum
1563 2632 1761 2694 tutela
1789 2652 2033 2693 suarum
2129 2627 2135 2632 ⁵

426 2711 613 2772 Certa
639 2713 834 2793 magis
861 2734 1044 2795 quam
1072 2718 1127 2778 si
1154 2719 1433 2785 fortunas
1461 2736 1667 2788 servet
1695 2731 1941 2791 easdem

425 2807 840 2889 Hesperidum
866 2831 1118 2894 serpens
1148 2829 1256 2879 aut
1284 2813 1604 2885 Ponticus.
1684 2826 1873 2889 Adde
1902 2829 2067 2910 quod
2095 2830 2261 2891 hune
2289 2833 2368 2892 de

424 2903 567 2977 Quo
594 2906 812 2987 loquor
839 2911 1157 2992 egregium
1184 2920 1449 2997 populus
1477 2931 1659 3000 putat
1687 2913 2064 3004 acquirendi¹
2116 2965 2120 2970 -
2338 2936 2432 2990 115

422 3001 779 3066 Artificem:
825 3008 1051 3089 quippe
1081 3010 1176 3072 his
1205 3026 1490 3077 creseunt
1511 3019 1880 3097 patrimonia
1907 3023 2092 3084 fabris
2115 3010 2154 3083 τ’

411 3098 549 3159 Sed
579 3114 862 3166 creseunt
889 3125 1257 3188 quocunque
1287 3113 1493 3188 mod0‚
1523 3116 1876 3197 majoraque
1903 3119 2063 3181 fiunt
2166 3129 2170 3134 ’

421 3194 657 3259 Inoude
687 3200 932 3262 assidua
957 3221 1320 3286 semperque
1348 3209 1606 3272 ardente
1636 3216 1895 3275 camino,

421 3292 507 3353 Et
534 3305 711 3376 pater
738 3318 885 3378 ergo
914 3300 1101 3366 animi
1127 3302 1336 3365 felices
1363 3307 1560 3369 credit
1589 3327 1821 3387 avaros,

421 3389 548 3479 Qui
575 3394 830 3455 miratur
856 3414 1022 3475 ope8‚
1052 3399 1157 3476 qui
1184 3401 1356 3461 nulla
1385 3407 1663 3485 exempla
1688 3408 1857 3470 beati
2076 3419 2079 3422 ’
2230 3450 2241 3456 -
2300 3453 2303 3454 ν
2334 3432 2429 3479 120
