2734 4017
385 213 469 278 22
996 230 1069 276 D.
1099 228 1308 278 amm
1349 225 1765 277 JUVENALIS

383 396 528 458 Non
558 394 727 457 cedit
754 394 1046 470 Veiento,
1074 394 1187 457 sed
1212 405 1286 457 nt
1306 393 1611 458 fanaticus
1638 403 1845 456 oestro

385 492 742 566 Percussae,
771 491 1051 567 Bellona,
1080 502 1209 567 tuo,
1239 491 1483 553 divinat
1510 501 1575 553 et
1601 498 1637 529 ‘⁴
1656 490 1890 572 Ingens

384 591 584 652 Omen
612 588 869 665 habes,”,
882 589 1104 670 inquit,
1131 596 1167 627 ‘⁴
1186 589 1399 669 magni
1426 588 1695 670 clarique
1722 588 2059 670 triumphi:
2307 605 2402 651 125

383 688 626 769 Regem
652 687 921 768 aliquem
949 685 1171 766 capies,
1201 695 1311 747 aut
1340 685 1420 747 de
1448 696 1699 747 temone
1727 685 2034 748 Britanno

387 784 656 850 Excidet
682 784 1061 865 Arviragus:
1102 782 1430 864 peregrina
1458 793 1554 844 est
1581 783 1822 859 bellua3
1863 783 2061 845 cernis

386 880 643 943 Erectas
670 881 737 942 in
763 891 944 963 terga
971 881 1157 942 sudes
1176 880 1206 941 P
1222 878 1256 908 ”
1337 879 1482 942 Hoc
1510 880 1708 942 defuit
1735 900 1929 941 unum

384 978 671 1041 Fabricio
698 979 963 1059 patriam
989 988 1060 1040 ut
1088 977 1333 1039 rhombi
1360 987 1732 1039 memoraret
1760 987 1826 1039 et
1853 996 2066 1039 annos.

390 1082 426 1113 ‘⁴
443 1076 759 1148 Quidnam
786 1076 977 1157 igitur
1005 1096 1218 1137 censes
1237 1075 1267 1136 P
1310 1075 1658 1136 conciditur
1676 1075 1706 1136 P
1725 1074 1760 1104 ”
1804 1074 2046 1136 “Absit
2073 1074 2151 1137 ab
2178 1074 2285 1137 illo

387 1172 676 1234 Dedecus
702 1172 875 1248 hoc,”
912 1173 1257 1234 Montanus
1286 1172 1414 1233 ait:
1460 1179 1497 1209 ‘⁴
1514 1181 1678 1233 testa
1705 1173 1832 1234 alta
1857 1183 2126 1252 paretur,
2307 1186 2399 1233 131

390 1269 567 1341 Quae
596 1270 769 1332 tenui
796 1289 973 1330 muro
1002 1270 1345 1351 spatiosum
1375 1269 1628 1350 colligat
1655 1269 1886 1331 orbem.

387 1366 671 1428 Debetur
697 1387 959 1447 magnus
986 1367 1237 1447 patinae
1265 1366 1630 1448 subitusque
1659 1366 2087 1428 Prometheus.

390 1461 697 1541 Argillam
725 1472 910 1542 atque
938 1470 1141 1523 rotam
1169 1461 1352 1522 citius
1380 1471 1743 1542 properate:
1783 1461 1892 1522 sed
1922 1481 2001 1522 ex
2028 1462 2148 1522 hoc

387 1558 694 1637 Tempore
717 1557 870 1638 jam,
900 1557 1143 1633 Caesar,
1172 1558 1348 1638 figuli
1377 1568 1490 1618 tua
1515 1567 1718 1622 castra
1744 1555 2131 1638 sequantur.”
2302 1572 2399 1620 135

385 1654 562 1716 Vicit
592 1654 783 1735 digna
808 1654 941 1715 viro
969 1655 1317 1716 sententia:
1358 1663 1620 1716 noverat
1649 1655 1752 1716 ille

389 1751 726 1812 Luxuriam
753 1751 993 1831 imperii
1022 1764 1297 1813 veterem
1326 1762 1663 1833 noctesque
1694 1751 1965 1813 Neronis

385 1850 430 1911 J
432 1870 532 1910 am
560 1850 795 1911 medias
824 1850 1128 1930 aliamque
1156 1849 1403 1924 famem,
1433 1868 1624 1929 quum
1650 1850 1865 1929 pulmo
1892 1848 2159 1910 Falerno

394 1947 677 2008 Arderet.
760 1946 939 2007 Nulli
965 1947 1163 2027 major
1189 1946 1310 2008 fuit
1338 1966 1485 2007 usus
1515 1946 1742 2008 edendi

388 2044 788 2123 Tempestate
816 2063 972 2105 mea.
1054 2043 1286 2106 Circeis
1313 2053 1465 2105 nata
1491 2044 1696 2105 forent
1723 2063 1803 2104 311
2306 2058 2400 2105 140

387 2141 723 2202 Lucrinum
753 2141 831 2201 ad
861 2160 1078 2201 saxum
1106 2140 1513 2221 Rutupinove
1543 2142 1713 2202 edita
1739 2141 1934 2203 fundo

389 2238 613 2299 Ostrea
642 2225 906 2298 callebat
933 2237 1134 2316 primo
1165 2237 1547 2317 deprendere
1577 2258 1802 2314 morsu,

387 2335 475 2396 Et
501 2336 690 2396 semel
719 2334 952 2414 aspecti
980 2334 1156 2395 littus
1184 2334 1434 2397 dicebat
1462 2335 1683 2397 echini.

390 2433 692 2513 Surgitur,
721 2442 786 2494 et
812 2432 999 2493 misso
1027 2450 1310 2513 proceres
1340 2433 1508 2493 exire
1537 2433 1843 2513 jubentur

390 2530 681 2605 Consilio,
710 2548 865 2609 quos
890 2528 1201 2614 Albanam
1232 2530 1362 2591 dux
1393 2549 1655 2611 magnus
1681 2531 1746 2592 in
1777 2550 1979 2594 arcem
2305 2546 2399 2592 145

388 2626 688 2687 Traxerat
716 2626 1015 2688 attonitos
1044 2635 1110 2687 et
1138 2626 1432 2689 festinare
1460 2639 1726 2703 coactos,

387 2723 712 2803 Tanquam
739 2724 819 2784 de
849 2723 1049 2786 Cattis
1081 2724 1313 2806 aliquid
1344 2725 1663 2807 torvisque
1693 2724 2032 2807 Sigambris

386 2819 699 2893 Dicturus,
727 2828 1022 2900 tanquam
1055 2822 1312 2884 diversis
1342 2823 1621 2903 partibus
1649 2823 1814 2885 orbis

385 2916 598 2977 Anxia
624 2917 943 2997 praecipiti
974 2920 1247 2982 venisset
1278 2920 1539 3001 epistola
1564 2940 1787 3002 penna.

386 3013 600 3093 Atque
627 3013 867 3076 utinam
896 3016 993 3078 his
1019 3017 1229 3097 potius
1257 3018 1442 3097 nugis
1472 3027 1608 3079 tota
1634 3018 1742 3078 illa
1769 3017 2041 3079 dedisset
2308 3031 2402 3079 150

387 3108 694 3191 Tempora
723 3113 1037 3188 saevitiae,
1068 3113 1262 3175 claras
1293 3113 1515 3193 quibus
1545 3114 1800 3175 abstulit
1826 3113 1989 3176 Urbi

386 3208 786 3291 Illustresque
817 3209 1052 3271 animas
1077 3209 1332 3290 impune
1361 3220 1428 3270 et
1455 3211 1700 3271 vindice
1729 3212 1916 3273 nullo,

389 3305 513 3365 Sed
541 3308 726 3387 periit
754 3318 1084 3388 postquam
1113 3306 1481 3368 cerdonibus
1510 3327 1640 3369 esse
1671 3309 1986 3369 timendus

390 3402 732 3485 Coeperat:
773 3404 892 3464 hoc
920 3401 1135 3464 nocuit
1161 3401 1515 3463 Lamiarum
1544 3404 1732 3465 caede
1761 3404 2058 3471 madenti.
