2734 4017
1116 244 1389 291 SATIRA
1432 244 1594 291 VIII.

334 411 614 493 Excipit,
643 421 709 474 et
736 412 901 474 solus
928 411 1347 492 trepidantem
1374 410 1653 491 protegit
1680 409 1921 473 Urbem
1943 430 1962 484 ;

2270 225 2356 293 45

2262 422 2358 470 250

336 511 557 590 Atque
582 510 743 585 ideo,
771 519 1103 589 postquam
1131 508 1211 567 ad
1241 506 1526 570 Cimbros
1553 517 1947 587 stragemque
1976 505 2270 568 volabant

340 606 468 678 Qui
495 626 816 687 nunquam
844 607 1183 686 attigerant
1209 605 1446 685 majora
1474 605 1778 664 cadavera
1804 603 1994 679 corvi,

338 702 590 764 Nobilis
617 712 875 764 ornatur
900 702 1074 763 lauro
1101 701 1340 782 collega
1367 700 1659 761 secunda.

338 798 634 860 Plebeiae
659 799 997 861 Deciorum
1024 798 1284 872 animae,
1311 797 1558 878 plebeia
1583 797 1837 860 fuerunt

338 895 653 956 Nomina:
693 915 807 977 pro
832 895 984 957 totis
1010 894 1358 976 legionibus
1386 894 1453 953 hi
1480 904 1692 956 tamen
1721 904 1788 956 et
1812 913 1928 976 pro

339 992 649 1053 Omnibus
676 992 920 1053 auxiliis
947 992 1134 1073 atque
1162 991 1332 1053 omni
1359 991 1525 1072 pube
1553 991 1779 1053 Latina

341 1088 671 1150 Sufficiunt
698 1089 794 1150 dis
819 1089 1072 1150 infernis
1095 1087 1451 1168 Terraeque
1478 1089 1723 1169 parenti
1744 1109 1762 1163 ;

338 1185 550 1246 Pluris
576 1186 742 1247 enim
768 1185 948 1247 Decii
976 1204 1163 1265 quam
1191 1205 1349 1265 quae
1375 1196 1705 1250 servantur
1731 1186 1811 1247 ab
1837 1185 1974 1248 illis.

337 1282 592 1344 Ancilla
617 1292 804 1344 natus
830 1282 1110 1344 trabeam
1138 1291 1205 1343 et
1231 1283 1520 1344 diadema
1549 1283 1796 1357 Quirini

337 1380 429 1441 Et
454 1380 650 1441 fasces
676 1380 919 1454 meruit,
947 1399 1168 1461 regum
1195 1380 1451 1442 ultimus
1478 1381 1583 1442 ille
1610 1381 1934 1442 bonorum.

338 1476 605 1538 Prodita
630 1477 925 1538 laxabant
952 1488 1272 1559 portarum
1298 1478 1568 1540 claustra
1595 1477 1877 1557 tyrannis

337 1574 675 1637 Exsulibus
707 1575 975 1655 juvenes
1002 1575 1194 1656 ipsius
1223 1576 1511 1638 Consulis
1538 1585 1605 1636 et
1633 1594 1788 1655 quos

338 1672 644 1755 Magnum
672 1672 903 1754 aliquid
935 1673 1126 1734 dubia
1150 1693 1263 1753 pro
1291 1673 1579 1734 libertate
1608 1673 1876 1746 deceret,

340 1770 532 1844 Quod
559 1771 887 1834 miraretur
912 1790 1056 1832 cum
1086 1771 1324 1832 Coclite
1351 1770 1600 1831 Mucius
1627 1778 1694 1830 et
1721 1788 1878 1848 quae

339 1867 598 1949 Imperii
623 1868 779 1930 fines
807 1868 1170 1930 Tiberinum
1200 1868 1379 1949 virgo
1406 1867 1666 1929 natavit.

342 1964 609 2027 Occulta
635 1966 717 2027 ad
744 1965 968 2027 Patres
994 1965 1295 2047 produxit
1322 1964 1580 2025 crimina
1607 1982 1821 2024 servus

339 2061 649 2124 Matronis
676 2063 1017 2143 lugendus:
1062 2072 1131 2124 at
1156 2061 1295 2123 illos
1323 2060 1583 2121 verbera
1612 2059 1801 2140 justis

340 2160 643 2222 Afficiunt
669 2160 886 2240 poenis
913 2169 980 2221 et
1007 2161 1217 2240 legum
1247 2159 1449 2238 prima
1476 2157 1723 2218 securis.

420 2255 596 2318 Malo
622 2264 802 2337 pater
826 2255 944 2317 tibi
970 2256 1053 2317 sit
1079 2255 1418 2330 Thersites,
1448 2253 1789 2315 dummodo
1816 2261 1888 2313 tu
1915 2252 1998 2313 sis

342 2353 658 2415 Aeacidae
684 2351 901 2414 similis
929 2352 1361 2433 Vulcaniaque
1392 2370 1563 2411 arma
1590 2356 1889 2430 capessas,

345 2450 551 2522 Quam
577 2459 644 2511 te
671 2449 994 2512 Thersitae
1022 2449 1286 2510 similem
1313 2449 1620 2528 producat
1647 2447 1945 2508 Achilles.

343 2546 433 2609 Et
457 2557 686 2621 tamen,
716 2555 788 2607 ut
814 2547 998 2627 longe
1025 2556 1269 2627 repetas
1298 2547 1606 2627 longeque
1633 2544 1920 2605 revolvas

343 2643 614 2719 Nomen,
642 2643 721 2704 ab
746 2643 960 2704 infami
986 2653 1240 2723 gentem
1268 2643 1525 2704 deducis
1555 2641 1746 2721 asyle.

344 2739 657 2820 Majorum
683 2740 916 2820 primus
945 2741 1219 2821 quisquis
1245 2740 1364 2801 fuit,
1392 2740 1498 2800 ille
1526 2748 1799 2812 tuorum,

345 2837 485 2898 Aut
509 2845 723 2918 pastor
746 2835 867 2899 fuit
894 2845 1003 2899 aut
1027 2836 1186 2899 illud
1213 2836 1383 2920 quod
1411 2836 1617 2899 dicere
1646 2834 1811 2897 nolo.

2259 909 2357 956 255

2264 1392 2359 1438 260

2265 1879 2360 1925 265

2264 2362 2361 2408 270

2266 2847 2362 2893 275
