2734 4017
44 153 75 336 f·
1201 214 1477 263 sArmA
1519 215 1623 263 xl.
2326 198 2411 264 61

392 384 696 447 Erectum
724 382 967 445 domito
992 382 1262 444 referens
1289 401 1328 443 a
1354 390 1567 444 monte
1594 382 1884 464 ligonem.

394 483 611 557 Quum
637 489 983 544 tremerent
1009 490 1222 541 autem
1248 480 1479 542 Fabios
1508 480 1856 561 durumque
1887 479 2191 543 Catonem
2348 496 2410 543 90

391 579 481 643 Et
508 581 777 643 Scauros
804 588 871 641 et
897 577 1232 651 Fabricios,
1258 585 1574 656 postremo
1600 596 1849 640 severos

394 678 685 741 Censoris
711 696 916 740 mores
943 675 1133 736 etiam
1160 676 1401 755 collega
1427 674 1694 750 timeret,

390 775 602 838 Nemo
628 777 796 838 inter
821 794 998 838 curas
1025 783 1092 835 et
1119 772 1279 833 seria
1305 771 1487 832 duxit
1513 772 1885 847 habendum,

390 873 611 946 Qualis
637 874 704 935 in
731 873 968 935 Oceani
994 873 1190 933 fluctu
1219 869 1475 931 testudo
1502 878 1766 945 nataret,

391 972 646 1033 Clarum
674 971 1046 1052 Trojugenis
1072 970 1312 1032 factura
1340 986 1414 1027 ac
1440 966 1649 1027 nobile
1675 966 1978 1045 fulcrum3
2340 984 2404 1031 95

390 1067 519 1128 Sed
546 1068 717 1129 nudo
743 1070 938 1129 latere
967 1077 1032 1129 et
1057 1067 1267 1147 parvis
1293 1065 1464 1126 frons
1494 1082 1675 1124 aerea
1700 1064 1878 1126 lectis

385 1163 538 1225 Vile
567 1164 848 1226 coronati
874 1174 1061 1244 caput
1089 1163 1462 1226 ostendebat
1492 1160 1682 1237 aselli,

382 1259 492 1320 Ad
525 1261 695 1341 quod
722 1260 935 1322 lascivi
962 1262 1264 1322 ludebant
1290 1260 1451 1322 ruris
1478 1258 1734 1321 alumni.

384 1356 574 1418 Tales
602 1378 751 1438 ergo
779 1357 900 1419 cibi
927 1359 1125 1439 qualis
1155 1359 1378 1419 domus
1406 1367 1594 1439 atque
1624 1357 1922 1438 supellex.

466 1453 647 1516 Tunc
675 1454 846 1517 rudis
872 1464 938 1517 et
965 1456 1185 1517 Graias
1212 1456 1422 1516 mirari
1449 1455 1692 1517 nescius
1720 1463 1902 1530 artes,
2306 1472 2401 1521 1⁰⁰

380 1550 666 1615 Urbibus
692 1554 936 1629 eversis,
964 1554 1335 1634 praedarum
1360 1555 1426 1614 in
1454 1564 1631 1634 parte
1658 1563 1906 1635 reperta

380 1648 757 1730 Magnorum
783 1651 1088 1712 artificum
1113 1652 1442 1732 frangebat
1469 1652 1692 1731 pocula
1722 1651 1916 1726 mile&

379 1745 482 1809 Ut
506 1747 772 1828 phaleris
798 1748 1101 1829 gauderet
1127 1768 1339 1829 equus,
1365 1749 1725 1829 caelataque
1754 1749 1940 1810 cassis

379 1842 725 1906 Romuleae
753 1846 1080 1906 simulacra
1104 1845 1268 1907 ferae
1296 1865 1724 1907 mansuescere
1742 1845 1954 1927 jussae

377 1940 637 2022 Imperii
663 1942 812 2018 fato,
838 1943 1119 2023 geminos
1146 1944 1262 2004 sub
1287 1962 1441 2023 rupe
1469 1944 1782 2020 Quirinos,
2301 1962 2397 2010 105

377 2036 480 2098 Ac
506 2039 738 2099 nudam
766 2039 1030 2120 effigiem
1058 2040 1258 2120 clipeo
1284 2040 1596 2103 venientis
1623 2051 1688 2103 et
1714 2043 1897 2105 hasta

375 2136 844 2217 Pendentisque
871 2136 975 2197 dei
999 2137 1274 2215 perituro
1300 2138 1662 2201 ostenderet
1688 2141 1872 2203 hosti.

373 2234 646 2313 Argenti
674 2234 843 2314 quod
871 2242 1006 2294 erat
1033 2234 1180 2295 solis
1205 2234 1487 2315 fulgebat
1512 2236 1581 2298 in
1609 2240 1812 2302 armis.

375 2328 706 2391 Ponebant
731 2330 922 2410 igitur
948 2330 1155 2392 Tusco
1181 2331 1410 2393 farrata
1434 2333 1644 2397 catino
1666 2357 1684 2412 ;

374 2426 605 2487 Omnia
632 2436 783 2488 tunc
810 2427 1032 2507 quibus
1057 2427 1337 2491 invideas
1364 2430 1419 2491 si
1446 2431 1742 2498 lividulus
1768 2435 1870 2499 sis.
2300 2454 2394 2499 ιω

373 2523 777 2603 Templorum
804 2544 1050 2604 quoque
1078 2525 1367 2605 majestas
1396 2533 1780 2609 praesentior
1806 2542 1872 2595 et
1898 2554 2023 2596 vox

372 2619 580 2681 Nocte
608 2621 733 2681 fere
761 2620 970 2681 media
993 2622 1386 2704 mediamque
1416 2627 1630 2689 audita
1655 2650 1768 2710 per
1793 2631 2052 2707 Urbem,

371 2715 583 2778 Litore
611 2717 689 2778 ab
717 2718 971 2778 Oceano
999 2717 1195 2780 Gallis
1225 2721 1621 2787 venientibus
1649 2737 1715 2788 et
1742 2728 1839 2789 dis

371 2813 658 2874 Officium
684 2815 846 2876 vatis
872 2820 1330 2899 peragentibus.
1415 2823 1533 2887 His
1560 2826 1804 2888 monuit
1831 2847 1959 2901 nos,

370 2908 556 2971 Hanc
580 2911 763 2974 rebus
789 2911 988 2975 Latiis
1016 2937 1228 2979 curam
1257 2931 1570 2999 praestare
1598 2923 1837 2986 solebat
2295 2940 2388 2984 115

369 3006 612 3070 Fictilis
640 3018 705 3072 et
730 3012 904 3073 nullo
935 3013 1204 3078 violatus
1233 3017 1279 3079 J
1282 3019 1531 3099 uppiter
1557 3039 1725 3081 auro.

369 3102 491 3165 Illa
516 3104 686 3168 domi
712 3119 894 3173 natas
923 3124 1257 3194 nostraque
1287 3134 1365 3176 ex
1395 3116 1611 3177 arbore
1639 3136 1883 3177 mensas

369 3201 680 3285 Tempora
705 3208 1040 3271 viderunt:
1080 3211 1196 3272 hos
1222 3212 1462 3291 lignum
1491 3213 1696 3275 stabat
1724 3213 1788 3275 in
1819 3234 1982 3289 usus,

368 3301 695 3369 Annosam
724 3308 776 3369 si
802 3309 962 3369 forte
991 3327 1216 3368 nucem
1245 3307 1556 3387 dejecerat
1581 3309 1803 3373 EuruS.

368 3400 463 3464 At
489 3424 657 3467 nunc
685 3404 983 3466 divitibus
1013 3404 1318 3465 coenandi
1341 3406 1517 3467 nulla
1540 3409 1847 3490 voluptas,
2288 3423 2381 3468 120

0 3879 1291 4015 l..·———
1686 4003 1848 4015 -ψ
2053 4011 2264 4014 ff&
