2734 4017
1179 211 1453 260 sATmA
1497 212 1547 259 1.
2322 191 2363 257 5

351 382 647 462 Sportula
675 381 824 462 quid
851 380 1092 456 referat,
1123 390 1427 461 quantum
1452 378 1794 445 rationibus
1824 377 2035 452 addat,

352 479 524 551 Quid
551 479 779 539 facient
807 478 1081 553 comites,
1112 478 1333 558 quibus
1360 477 1505 537 hinc
1534 485 1699 555 toga,
1727 476 1968 535 calceus
1994 473 2141 535 hinc
2168 481 2263 534 est

350 574 438 636 Et
465 576 641 656 panis
668 576 993 654 fumusque
1022 574 1193 635 domi
1211 575 1240 634 ‘c'
1321 572 1706 633 Densissima
1733 581 1987 632 centum
2267 584 2364 629 12⁰

353 672 748 745 Quadrantes
774 673 995 734 lectica
1020 673 1199 754 petit,
1227 671 1626 751 sequiturque
1656 668 1948 729 maritum

264 765 678 874 ¹lLa-nguida
704 770 801 829 vel
831 789 1176 849 praegnans
1204 778 1269 829 et
1298 766 1781 828 circumducitur
1808 785 1979 826 uxor.

351 865 478 926 Hic
503 865 665 946 petit
693 865 950 940 absenti,
980 876 1130 927 nota
1159 865 1294 944 jam
1321 863 1582 926 callidus
1611 872 1763 938 arte,

352 961 706 1022 Ostendens
734 981 995 1023 vacuam
1022 972 1088 1023 et
1115 963 1387 1024 clausam
1413 980 1525 1041 pro
1555 959 1815 1040 conjuge
1844 960 2074 1021 sellam.

352 1067 389 1096 “
408 1059 589 1119 Galla
614 1077 754 1119 mea
781 1057 928 1132 est,”
954 1058 1196 1138 inquit3
1240 1067 1273 1096 “
1289 1058 1473 1119 citius
1501 1056 1787 1131 dimitte.
1827 1055 2134 1117 moraris?
2270 1070 2365 1116 125

351 1164 385 1195 “
403 1155 636 1232 Profer,
666 1157 860 1231 Galla,
889 1156 1130 1237 caput.”
1213 1163 1247 1194 “
1267 1155 1420 1216 Noli
1449 1174 1690 1229 vexare,
1721 1153 2034 1234 quiescit.”

350 1253 495 1335 Ipse
524 1254 655 1314 dies
682 1254 894 1333 pulcro
924 1253 1326 1334 distinguitur
1353 1253 1571 1314 ordine
1599 1271 1841 1313 rerum:

353 1351 662 1431 Sportula,
691 1351 916 1411 deinde
943 1351 1161 1425 forum,
1193 1350 1472 1429 jurisque
1499 1349 1734 1430 peritus
1762 1348 1994 1430 Apollo

349 1449 562 1528 Atque
592 1447 1012 1526 triumphales,
1041 1447 1204 1508 inter
1232 1466 1385 1527 quas
1419 1466 1603 1508 ausus
1631 1445 1859 1506 habere

350 1545 580 1605 Nescio
609 1544 746 1624 quis
775 1543 991 1604 titulos
1019 1543 1375 1623 Aegyptius
1405 1554 1591 1624 atque
1619 1543 2025 1617 Arabarches,
2272 1557 2365 1603 130

339 1619 544 1721 bajus
574 1642 654 1701 ad
682 1639 948 1720 effigiem
976 1660 1102 1700 non
1133 1649 1379 1700 tantum
1403 1641 1634 1700 meiere
1662 1640 1752 1700 fas
1780 1645 1931 1700 est.)

350 1738 693 1799 Vestibulis
720 1739 953 1799 abeunt
979 1747 1221 1797 veteres
1250 1735 1514 1817 lassique
1544 1736 1802 1797 clientes

348 1835 641 1916 Votaque
671 1835 1012 1917 deponunt,
1039 1853 1392 1915 quanquam
1420 1833 1777 1913 longissima
1804 1852 2035 1895 coenae

352 1937 506 2015 Spes
534 1934 802 1995 homini:
830 1934 1023 2022 caulis
1051 1932 1286 1994 miseris
1315 1942 1503 2013 atque
1531 1931 1695 2013 ignis
1723 1932 2039 1993 emendus.

350 2034 607 2115 Optima
634 2034 927 2096 silvarum
955 2034 1193 2094 interea
1219 2031 1546 2113 pelagique
1578 2030 1820 2092 vorabit
2266 2045 2361 2092 135

348 2130 490 2192 Rex
516 2133 756 2206 horum,
785 2132 1117 2212 vacuisque
1145 2130 1300 2192 toris
1327 2140 1575 2191 tantum
1604 2130 1735 2209 ipse
1767 2128 2021 2210 jacebit.

348 2229 517 2290 Nam
547 2230 625 2290 de
650 2239 752 2292 tot
780 2228 1008 2309 pulcris
1036 2237 1100 2289 et
1128 2228 1270 2289 latis
1300 2228 1552 2288 orbibus
1580 2238 1644 2288 et
1672 2237 1805 2301 tam

347 2327 645 2407 Antiquis
673 2347 796 2388 una
824 2326 1159 2388 comedunt
1187 2324 1561 2405 patrimonia
1587 2344 1817 2385 mensa.

348 2422 579 2483 Nullus
610 2422 745 2502 jam
771 2422 1076 2503 parasitus
1104 2422 1261 2483 erit:
1302 2423 1415 2483 sed
1442 2422 1578 2501 quis
1606 2422 1762 2483 ferat
1788 2422 1941 2483 istas

348 2520 658 2580 Luxuriae
686 2520 942 2580 sordes?
1024 2518 1277 2591 Quanta
1304 2528 1401 2579 est
1427 2519 1576 2599 gula
1602 2538 1759 2597 quae
1789 2518 1905 2579 sibi
1933 2528 2101 2580 totos
2265 2536 2361 2582 140

347 2615 542 2676 Ponit
569 2635 764 2696 aprm,
792 2615 1024 2675 animal
1051 2624 1306 2696 propter
1334 2615 1621 2675 convivia
1646 2615 1901 2675 natum!

349 2713 563 2774 Poena
589 2723 801 2774 tamen
828 2731 1133 2793 praesensi,
1165 2732 1357 2791 quum
1387 2720 1459 2772 tu
1490 2711 1749 2791 deponis
1779 2712 2042 2773 amictus

348 2809 660 2889 Tul-gidus
686 2819 753 2870 et
780 2810 1039 2869 crudum
1068 2828 1378 2889 pavonem
1405 2810 1469 2869 in
1490 2803 1719 2869 'balnea
1744 2820 1973 2889 portas.

347 2905 516 2965 Hinc
541 2905 780 2966 subitae
808 2917 1040 2966 mortes
1069 2915 1254 2985 atque
1282 2905 1583 2967 intestata
1608 2906 1911 2967 senectus.

348 3002 414 3071 It
440 3022 603 3062 nova
630 3022 747 3062 nec
772 3002 966 3063 tristis
992 3023 1104 3082 per
1131 3011 1385 3062 cunctas
1413 3002 1622 3062 fabula
1648 3021 1906 3063 coenas:
2262 3018 2360 3063 146

347 3098 616 3159 Ducitur
640 3098 815 3159 iratis
843 3098 1261 3178 plaudendum
1292 3098 1477 3159 funus
1505 3100 1734 3161 amicis.

428 3195 539 3255 Nil
568 3196 686 3255 erit
716 3194 970 3255 ulterius
997 3195 1165 3275 quod
1193 3195 1420 3255 nostris
1449 3196 1721 3274 moribus
1749 3197 1943 3258 addat

345 3292 724 3366 Posteritas3
766 3292 984 3351 eadem
1011 3291 1265 3371 cupient
1292 3291 1642 3372 facientque
1671 3295 1973 3369 minores3

348 3388 552 3449 Omne
579 3388 646 3448 in
672 3387 996 3469 praecipiti
1021 3387 1245 3449 vitium
1270 3387 1465 3448 stetit.
1547 3388 1747 3451 Utere
1775 3391 1946 3464 veli8‚
