2734 4017
384 254 470 321 58
980 269 1054 317 D.
1099 267 1308 317 amm
1347 263 1763 315 sumans

1149 1010 1479 1074 SATIRA
1530 1008 1649 1072 XI.

561 1209 877 1273 TTIOUS
908 1208 1130 1270 eximie
1158 1207 1211 1268 si
1238 1215 1460 1268 coenat
1485 1206 1693 1266 lautus
1719 1204 1998 1279 habetur,

618 1308 686 1368 Si
713 1307 965 1368 Rutilus
993 1307 1266 1366 demens.
1352 1303 1524 1377 Quid
1554 1303 1719 1363 enim
1746 1302 1977 1381 majore
2006 1301 2308 1362 cachinno

395 1404 720 1484 Excipitur
746 1403 919 1484 vulgi
949 1421 1135 1483 quam
1161 1421 1397 1482 pauper
1423 1399 1731 1480 Apicius?
1811 1392 2031 1459 Omnis

398 1501 755 1576 Convictus,
784 1501 1078 1572 thermae,
1108 1498 1430 1572 stationes,
1458 1516 1641 1557 omne
1669 1495 1980 1557 theatrum

396 1599 495 1659 De
527 1597 762 1659 Rutilo,
844 1596 1012 1657 Nam
1039 1596 1191 1656 dum
1219 1595 1429 1655 valida
1457 1614 1529 1655 ac
1547 1593 1868 1674 juvenalia
1894 1591 2171 1653 membra
2373 1605 2406 1650 δ

401 1694 723 1757 Sufficiunt
750 1694 966 1775 galeae
994 1693 1267 1774 dumque
1297 1694 1521 1754 ardens
1549 1691 1865 1772 sanguine,
1893 1691 2088 1750 fertur

404 1793 578 1873 (Non
608 1801 871 1873 cogente
901 1791 1151 1872 quidem
1180 1791 1291 1851 sed
1318 1810 1437 1851 nec
1464 1789 1831 1871 prohibente
1859 1787 2162 1868 Tribuno)

402 1890 754 1970 Scriptums
781 1889 950 1968 leges
977 1898 1044 1949 et
1071 1888 1245 1967 regia
1270 1888 1462 1949 verba
1489 1887 1768 1948 lanistae.

398 1987 634 2050 Multos
659 2005 844 2066 porro
871 1985 1046 2045 vides
1075 2005 1228 2065 quos
1256 2003 1441 2064 saepe
1469 1985 1673 2045 elusus
1701 1983 1778 2044 ad
1807 1982 2010 2062 ipsum

401 2083 689 2147 Creditor
715 2082 1039 2143 introitum
1069 2081 1228 2141 solet
1257 2090 1612 2160 exspectare
1639 2079 1900 2154 macelli,
2348 2092 2414 2138 10

401 2180 487 2241 Et
514 2179 733 2260 quibus
759 2178 825 2239 in
853 2177 984 2238 solo
1011 2178 1265 2238 vivendi
1293 2197 1476 2238 causa
1501 2177 1708 2257 palato
1736 2186 1850 2238 est.

402 2275 706 2357 Egregius
734 2282 955 2335 coenat
982 2274 1324 2354 meliusque
1353 2274 1730 2333 miserrimus
1758 2275 1996 2348 horum,

402 2373 489 2433 Et
517 2374 642 2433 cito
671 2391 918 2432 casurus
935 2371 1071 2450 jam
1095 2372 1454 2451 perlucente
1481 2371 1674 2431 ruina.

406 2470 656 2531 Interea
681 2478 900 2549 gustus
928 2470 1236 2529 elementa
1262 2487 1375 2548 per
1401 2468 1609 2529 omnia
1636 2476 1959 2548 quaerunt,

401 2568 742 2648 Nunquam
770 2567 977 2627 animo
1004 2565 1221 2646 pretiis
1251 2565 1678 2626 obstantibus:
1720 2565 1980 2625 interius
2009 2563 2061 2624 si
2357 2579 2416 2624 15

401 2664 735 2737 Attendas,
762 2665 958 2744 magis
988 2664 1098 2724 illa
1117 2664 1350 2742 juvant
1382 2682 1539 2742 quae
1566 2662 1759 2742 pluris
1788 2673 2093 2747 emuntur.

402 2761 574 2841 Ergo
601 2760 765 2824 haud
795 2761 1039 2821 difficile
1069 2768 1166 2820 est
1193 2760 1530 2840 perituram
1561 2779 1863 2820 arcessere
1891 2778 2194 2819 summam

404 2858 711 2918 Lancibus
740 2857 1038 2937 oppositis
1066 2859 1171 2918 vel
1197 2857 1413 2918 matris
1441 2857 1709 2938 imagine
1736 2858 1948 2931 fracta,

404 2954 490 3013 Et
519 2951 987 3033 quadringentis
1016 2954 1284 3014 nummis
1314 2954 1566 3014 condire
1594 2954 1882 3033 gulosum

404 3050 647 3110 Fictile.
732 3049 837 3110 Sic
863 3051 1127 3111 veniunt
1157 3052 1236 3111 ad
1264 3051 1659 3112 miscellanea
1683 3049 1834 3110 ludi.
2353 3064 2419 3109 20

486 3145 704 3206 Refert
733 3165 881 3228 ergo
912 3149 1048 3228 quis
1076 3150 1230 3209 haec
1259 3150 1475 3208 eadem
1506 3157 1716 3228 paret3
1757 3147 1823 3207 in
1852 3145 2069 3206 Rutilo
2096 3166 2239 3206 nam

404 3243 676 3303 Luxuria
705 3253 817 3320 est,
846 3244 913 3305 in
943 3245 1246 3306 Ventidio
1275 3245 1584 3305 laudabile
1612 3265 1838 3304 nomen

408 3341 614 3401 Sumit
643 3352 708 3403 et
736 3361 774 3402 a
801 3362 987 3403 censu
1017 3341 1242 3403 famam
1272 3343 1483 3403 trahit.
1567 3340 1752 3402 Illum
1780 3362 1896 3422 ego
1912 3340 2057 3421 jure

407 3438 765 3519 Despiciam
793 3439 898 3519 qui
927 3438 1043 3499 scit
1073 3448 1304 3519 quanto
1334 3439 1649 3498 sublimior
1676 3438 1858 3497 Atlas
