2734 4017
1163 247 1438 294 SATIRA
1481 247 1554 294 X.

339 414 582 474 Nostra
609 414 693 476 sit
723 435 864 475 arca
892 415 1041 477 foro,
1125 414 1252 475 Sed
1281 414 1454 474 nulla
1482 413 1729 475 aconita
1754 414 2056 476 bibuntur

339 509 713 571 Fictilibus:
754 521 906 572 tunc
932 511 1039 572 illa
1066 511 1234 585 time,
1262 531 1452 591 quum
1481 511 1704 591 pocula
1731 531 1935 573 sumes
1999 501 2008 508 ⁶

340 608 678 667 Gemmata
706 617 772 668 et
801 609 930 669 lato
960 607 1248 670 Setinum
1276 607 1519 668 ardebit
1547 607 1610 668 in
1643 627 1809 669 auro·

421 704 466 766 J
468 724 653 764 amne
680 704 874 785 igitur
899 705 1133 779 laudas,
1162 704 1330 784 quod
1357 704 1438 765 de
1466 704 1845 784 sapientibus
1873 706 2030 767 alter

342 801 624 861 Ridebat
652 801 896 880 quoties
924 801 1003 862 de
1032 801 1243 862 limine
1272 813 1554 864 moverat
1584 822 1775 861 unum

345 896 827 977 protuleratque
855 898 1098 977 pedem,
1128 897 1317 958 flebat
1345 898 1689 959 contrarius
1717 900 1872 960 alter
1891 900 1922 959 Ῥ

345 995 475 1055 Sed
504 993 700 1055 facilis
729 995 926 1056 cuivis
953 994 1135 1074 rigidi
1163 1014 1421 1056 censura
1448 996 1764 1072 cachinni3

342 1091 707 1152 Mirandum
737 1101 833 1152 est
863 1092 1028 1152 unde
1058 1092 1162 1152 ille
1193 1093 1387 1153 oculis
1414 1093 1721 1155 suffecerit
1747 1095 1987 1157 humor.

345 1189 668 1269 Perpetuo
699 1188 827 1249 risu
855 1188 1213 1269 pulmonem
1243 1189 1482 1269 agitare
1509 1190 1750 1253 solebat

344 1286 766 1362 Democritus,
798 1306 1148 1366 quanquam
1175 1307 1303 1348 non
1329 1297 1539 1348 essent
1564 1288 1817 1351 urbibus
1843 1290 1965 1352 illis

347 1383 691 1447 Praetexta
720 1395 784 1446 et
815 1384 1082 1460 trabeae,
1110 1384 1321 1460 fasces,
1351 1385 1587 1460 lectica,
1614 1386 1901 1449 tribunal.

349 1482 521 1556 Quid
551 1482 604 1544 si
633 1483 892 1545 vidisset
923 1482 1286 1544 Praetorem
1317 1483 1595 1544 curribus
1622 1484 1763 1545 altis

347 1580 746 1657 Exstantem,
782 1591 847 1642 et
875 1581 1082 1644 medio
1112 1582 1437 1642 sublimem
1465 1581 1530 1641 in
1556 1583 1810 1662 pulvere
1842 1582 2006 1645 Circi

348 1678 429 1739 In
461 1679 674 1740 tunica
699 1679 744 1741 J
747 1679 899 1755 ovis,
930 1689 996 1741 et
1021 1680 1225 1761 pictae
1256 1679 1519 1740 Sarrana
1546 1679 1846 1741 ferentem

350 1776 452 1837 Ex
482 1778 754 1839 humeris
783 1780 1000 1839 aulaea
1028 1789 1230 1858 togae,
1258 1797 1645 1858 magnaeque
1674 1798 1936 1839 coronae

353 1873 631 1937 Tantum
661 1876 875 1937 orbem
904 1885 1137 1955 quanto
1165 1874 1375 1935 cervix
1403 1894 1528 1935 non
1559 1876 1781 1936 sufficit
1812 1875 1936 1936 ulla
1953 1876 1984 1935 ⁴?

357 1973 604 2054 Quippe
637 1983 810 2034 tenet
837 1973 1066 2033 sudans
1093 1973 1256 2033 hanc
1281 1972 1564 2052 publicus
1593 1982 1675 2047 et,
1703 1973 1821 2033 sibi
1850 1972 2080 2034 Consul

354 2069 458 2131 Ne
487 2060 747 2150 placeat,
777 2089 960 2129 curru
988 2089 1202 2130 servus
1228 2078 1513 2149 portatur
1539 2071 1777 2131 eodem.

356 2166 461 2227 Da
487 2185 654 2227 nunc
684 2174 750 2225 et
780 2166 1094 2226 volucrem
1122 2176 1366 2246 sceptro
1396 2186 1554 2247 quae
1581 2168 1779 2249 surgit
1806 2168 2058 2243 eburnO,

357 2264 540 2327 Illinc
573 2262 929 2338 cornicines,
958 2264 1103 2325 hinc
1131 2264 1569 2344 praecedentia
1594 2265 1767 2345 longi

357 2361 648 2442 Agminis
678 2360 894 2435 officia,
926 2369 991 2420 et
1018 2360 1233 2421 niveos
1262 2361 1339 2421 ad
1367 2362 1580 2422 fraena
1607 2362 1884 2435 Quirites

357 2458 623 2520 Defessa
650 2458 961 2540 intloculis
990 2477 1146 2537 quos
1172 2459 1449 2536 sportula
1473 2458 1622 2520 fecit
1650 2460 1898 2520 amicos·

358 2556 525 2616 Tum
555 2575 799 2636 quoque
827 2553 1151 2615 materiam
1179 2554 1334 2615 risus
1361 2555 1602 2617 invenit
1629 2556 1710 2615 ad
1739 2575 1953 2617 omnes

361 2653 669 2715 Occursus
698 2654 1037 2729 hominum,
1067 2654 1242 2734 cujus
1268 2652 1601 2733 prudentia
1627 2662 1931 2713 monstrat

364 2750 861 2833 Summos‘posse
888 2752 1054 2812 viros
1082 2759 1149 2811 et
1174 2769 1403 2830 magna
1429 2751 1712 2831 exempla
1738 2750 1991 2810 daturos

362 2846 718 2909 Vervecum
744 2849 811 2910 in
839 2847 1040 2928 patria
1069 2865 1393 2926 crassoque
1422 2845 1536 2907 sub
1564 2865 1703 2907 aere
1732 2846 1917 2907 nasci.

363 2942 640 3006 Ridebat
669 2965 844 3006 curas
871 2965 987 3006 nec
1013 2964 1141 3005 non
1172 2953 1237 3004 et
1262 2943 1494 3024 gaudia
1520 2944 1712 3024 vulgi,

362 3039 690 3102 Interdum
719 3051 784 3102 et
811 3041 1111 3115 lacrimas,
1141 3060 1333 3120 quum
1360 3040 1679 3102 Fortunae
1708 3041 1838 3119 ipse
1866 3040 2091 3101 minaci

361 3136 696 3198 Mandaret
721 3137 1012 3217 laqueum
1039 3136 1437 3216 mediumque
1467 3138 1826 3198 ostenderet
1852 3157 2144 3219 unguem.

444 3232 613 3313 Ergo
641 3253 1020 3314 supervacua
1047 3241 1158 3293 aut
1185 3233 1530 3313 perniciosa
1555 3243 1870 3314 petuntur,

362 3328 631 3409 Propter
657 3350 814 3410 quae
841 3330 932 3389 fas
960 3339 1055 3389 est
1081 3349 1287 3409 genua
1313 3329 1586 3390 incerare
1615 3329 1887 3391 deorum.

366 3426 688 3498 Quosdam
715 3426 1084 3507 praecipitat
1112 3424 1393 3516 subjecta
1418 3426 1701 3505 potentia
1728 3446 1989 3505 magnac

2273 229 2357 295 47

2296 429 2359 474 25

2300 914 2364 960 30

2301 1890 2364 1935 40

2303 2377 2367 2421 45

2309 2860 2373 2905 50

2308 3345 2371 3389 55
