2734 4017
381 196 468 262 40
994 213 1067 259 D.
1113 211 1319 259 amm
1361 210 1777 259 JUVENALIS

380 379 539 441 Ossa
564 379 742 441 vides
768 399 987 461 regum
1015 376 1226 439 vacuis
1254 385 1513 438 exsucta
1535 378 1848 440 medullis.

377 476 644 559 Respice
672 477 824 557 quid
846 465 1146 537 'moneant
1174 477 1362 555 leges,
1393 474 1539 555 quid
1573 476 1745 536 curia
1768 476 2044 551 mandet,

377 574 663 637 Praemia
678 582 922 655 quanta
950 574 1148 635 bonos
1173 581 1488 645 maneant,
1516 592 1703 653 quam
1727 573 1985 636 fulmine
2014 573 2189 654 justo

376 672 464 735 Et
493 674 716 754 Capito
742 682 807 733 et
834 671 1135 733 Numitor
1161 669 1401 731 ruerint
1430 670 1766 760 damnante
1796 671 2048 747 Senatu,

376 769 625 831 Piratae
654 770 932 834 Cilicum.
1016 767 1142 829 Sed
1172 767 1324 848 quid
1352 767 1672 829 damnatio
1699 769 1953 844 confert,

376 866 588 939 Quum
614 867 821 929 Pansa
846 867 1069 947 eripiat
1099 864 1403 946 quidquid
1433 865 1549 926 tibi
1575 864 1775 926 Natta
1802 865 2051 946 reliquit
2068 866 2099 926 ἰ’

374 964 773 1040 Praeconem,
804 964 1166 1046 Chaerippe‚
1194 964 1322 1025 tuis
1348 962 1748 1043 circumspice
1774 962 2011 1044 pannis,

369 1061 636 1141 Jamque
665 1073 835 1124 tace:
873 1063 1042 1124 furor
1072 1072 1169 1123 est
1197 1070 1341 1142 post
1370 1061 1578 1122 omnia
1602 1060 1861 1141 perdere
1887 1060 2156 1121 naulum.

371 1158 520 1219 Non
547 1159 712 1219 idem
740 1160 1011 1240 gemitus
1038 1158 1186 1219 olim
1217 1177 1421 1239 neque
1448 1159 1673 1219 vulnus
1700 1166 1833 1218 erat
1858 1176 1970 1237 par

368 1255 756 1317 Damnorum
782 1256 963 1317 sociis
987 1256 1354 1317 florentibus
1383 1265 1449 1317 et
1474 1255 1663 1316 modo
1688 1254 1888 1315 victis.

368 1352 569 1413 Plena
595 1352 816 1414 domus
841 1362 994 1414 tunc
1019 1353 1238 1427 omnis,
1266 1362 1333 1414 et
1359 1352 1581 1433 ingens
1607 1351 1813 1413 stabat
1840 1370 2097 1413 acervus

365 1449 798 1525 Nummorum,
830 1449 1138 1531 Spartana
1164 1450 1460 1529 chlamys,
1491 1448 1814 1529 conchylia
1842 1449 1990 1524 Coa,

365 1547 453 1608 Et
480 1566 623 1607 cum
649 1546 960 1608 Parrhasii
987 1546 1218 1608 tabulis
1245 1546 1558 1626 signisque
1584 1544 1866 1625 Myronis

364 1643 733 1705 Phidiacum
760 1642 1013 1706 vivebat
1041 1645 1227 1719 ebur3
1271 1662 1390 1703 nec
1418 1663 1543 1703 non
1572 1643 1881 1723 Polycleti

364 1741 602 1803 Multus
627 1741 856 1822 ubique
882 1741 1059 1803 labor
1072 1761 1091 1817 3
1131 1759 1306 1802 rarae
1335 1740 1468 1801 sine
1496 1737 1782 1801 Mentore
1808 1760 2075 1803 mensae.

361 1823 519 1900 Inde
546 1838 874 1901 Dolabella
899 1846 996 1900 est
1022 1846 1209 1920 atque
1235 1838 1384 1898 hinc
1402 1837 1736 1912 Antonius,
1762 1837 1909 1899 inde

363 1935 710 2016 Sacrilegus
737 1934 1000 1996 Verres:
1043 1934 1394 1995 referebant
1420 1934 1683 1995 navibus
1712 1934 1853 1996 altis

360 2032 624 2094 Occulta
650 2033 847 2113 spolia
873 2042 939 2094 et
963 2033 1171 2113 plures
1201 2032 1280 2092 de
1309 2051 1463 2111 pace
1493 2032 1855 2112 triumphos.

358 2131 547 2192 Nunc
573 2130 754 2192 sociis
782 2130 939 2211 juga
964 2149 1162 2210 pauca
1186 2130 1396 2204 boum,
1422 2149 1576 2209 grex
1602 2150 1830 2211 parvus
1857 2151 2152 2212 equarum

356 2227 445 2287 Et
470 2235 651 2308 pater
675 2227 938 2287 armenti
966 2236 1150 2305 capto
1179 2226 1477 2306 eripietur
1503 2229 1704 2308 agello
1726 2248 1745 2304 3

355 2324 484 2403 Ipsi
512 2324 739 2385 deinde
767 2323 972 2398 Lares,
1002 2324 1053 2384 si
1081 2323 1249 2404 quod
1279 2325 1615 2404 spectabile
1644 2326 1906 2407 signum,

358 2421 426 2483 Si
454 2421 593 2502 quis
618 2421 684 2483 in
713 2421 992 2482 aedicula
1020 2422 1172 2483 deus
1202 2421 1440 2483 unicus.
1521 2422 1699 2485 Haec
1726 2424 1957 2485 etenim
1984 2436 2130 2487 sunt

357 2518 481 2580 Pro
509 2519 779 2593 summis,
806 2537 953 2580 nam
979 2529 1124 2581 sunt
1150 2520 1305 2581 haec
1331 2520 1617 2584 maxima.
1700 2521 2021 2603 Despicias
2050 2533 2122 2586 tu

355 2615 642 2677 Forsitan
669 2615 950 2677 imbelles
979 2616 1261 2680 Rhodios
1290 2628 1670 2700 unctamque
1701 2620 2104 2684 Corinthum:

353 2709 676 2794 Despicias
698 2714 938 2776 meritc.
1023 2716 1192 2789 Quid
1222 2719 1492 2780 resinata
1523 2719 1824 2799 juventus

355 2811 670 2893 erutaque
697 2814 893 2875 totius
919 2814 1153 2876 facient
1180 2816 1298 2876 tibi
1325 2815 1490 2876 levia
1515 2818 1721 2897 gentis
1740 2819 1771 2877 1³

352 2907 626 2970 Horrida
652 2909 908 2970 vitanda
937 2921 1033 2974 est
1062 2911 1384 2992 Hispania,
1412 2912 1687 2975 Gallicus
1715 2916 1847 2976 axis

351 3004 791 3087 Illyricumque
819 3009 1018 3070 latus:
1057 3027 1241 3088 parce
1270 3017 1337 3070 et
1360 3011 1733 3074 messoribus
1758 3012 1898 3088 illis,

352 3103 479 3177 Qui
505 3113 786 3168 saturant
814 3104 1058 3168 Urbem
1087 3105 1270 3167 Circo
1297 3126 1637 3188 scenaeque
1665 3120 2009 3171 vacantem.

352 3201 606 3275 Quanta
634 3212 842 3264 autem
869 3202 1017 3262 inde
1043 3202 1202 3264 feres
1227 3211 1358 3264 tam
1388 3204 1557 3265 dirae
1582 3207 1857 3286 praemia
1884 3208 2115 3287 culpae,

352 3297 564 3371 Quum
592 3310 812 3361 tenues
840 3319 1037 3379 nuper
1063 3298 1300 3361 Marius
1327 3301 1687 3364 discinxerit
1714 3304 1901 3364 Afros
1922 3304 1952 3363 P

352 3397 713 3460 Curandum
740 3396 1040 3476 imprimis
1068 3418 1146 3458 ne
1175 3418 1403 3478 magna
1427 3399 1651 3479 injuria
1676 3400 1788 3461 fiat

2286 1367 2382 1414 100

2281 1854 2374 1901 105

2276 2344 2370 2390 11⁰

2272 2834 2365 2881 11⁵

2270 3320 2361 3367 120
