2734 4017
326 221 410 287 68
936 226 1010 272 n.
1056 221 1263 272 amm
1306 210 1719 267 JUVENALIS

324 405 450 467 Hic
474 409 756 463 nostrum
783 394 1039 477 placabo
1066 391 1109 453 J
1113 408 1293 451 ovem
1318 382 1700 458 Laribusque
1726 369 2001 454 paternis

327 503 497 563 Tura
524 498 704 570 dabo,
734 503 919 574 atque
949 508 1161 551 omnes
1189 485 1390 546 violae
1418 477 1673 561 jactabo
1700 472 1951 534 colores.
2274 474 2340 520 9⁰

331 602 576 662 Cuncta
602 594 844 665 nitent3
885 590 1104 667 longos
1132 582 1329 645 erexit
1360 579 1556 660 janua
1581 589 1785 634 ramos

330 697 418 757 Et
445 689 769 754 matutinis
797 693 1088 766 operatur
1114 682 1271 743 festa
1297 672 1579 738 lucernis.

412 792 552 853 Nec
581 796 867 867 suspecta
892 781 1008 843 tibi
1036 780 1162 842 sint
1187 778 1358 849 haec,
1391 769 1695 841 Corvine3
1736 761 2034 833 Catullus,

333 894 460 953 Pro
492 887 666 967 cujus
693 882 899 943 reditu
927 887 1026 940 tot
1050 895 1217 958 pono
1247 871 1483 943 altaria,
1509 882 1736 949 parvos
1769 881 1776 886 ·

336 988 490 1046 Tres
517 982 709 1043 habet
736 978 1011 1039 heredes.
1091 973 1275 1035 Libet
1304 975 1663 1047 exspectare
1693 958 1828 1040 quis
1856 972 2106 1036 aegram
2285 961 2350 1008 95

338 1084 423 1144 Et
455 1080 848 1144 claudentem
877 1074 1090 1135 oculos
1115 1070 1412 1152 gallinam
1437 1060 1760 1144 impendat
1788 1055 1985 1116 amico

340 1182 498 1241 Tam
529 1177 739 1240 sterili.
818 1174 1060 1235 Verum
1085 1171 1239 1229 haec
1267 1164 1457 1225 nimia
1484 1169 1579 1221 est
1604 1159 1916 1236 impensa3
1956 1143 2245 1210 coturnix

341 1278 538 1340 Nulla
565 1293 836 1355 unquam
864 1290 976 1351 pro
1004 1276 1180 1349 patre
1209 1263 1410 1326 cadet.
1493 1255 1737 1320 Sentire
1765 1252 2031 1312 calorem

347 1377 414 1440 Si
443 1373 649 1454 coepit
675 1370 949 1450 locuples
978 1365 1209 1427 Gallita
1236 1371 1301 1422 et
1327 1357 1590 1420 Paccius
1623 1350 1772 1426 orbi,

345 1475 654 1556 Legitime
681 1469 820 1530 fixis
848 1465 1113 1528 vestitur
1138 1470 1274 1522 tota
1301 1454 1545 1519 tabellis
2081 1515 2086 1518 v
2269 1449 2356 1495 100

349 1573 638 1635 Porticus
660 1589 677 1646 3
717 1566 1025 1629 exsistunt
1053 1560 1160 1642 qui
1186 1555 1563 1640 promittunt
1586 1542 2017 1615 hecatomben,

352 1675 676 1748 Quatenus
701 1667 804 1729 hic
831 1684 954 1725 non
985 1669 1131 1722 sunt
1158 1675 1274 1718 nec
1300 1652 1553 1716 venales
1581 1640 1912 1726 elephanti,

351 1774 491 1836 Nec
517 1769 700 1831 Latio
729 1774 838 1827 aut
865 1779 1123 1842 usquam
1152 1755 1266 1817 sub
1293 1759 1508 1813 nostro
1536 1746 1734 1807 sidere
1765 1739 1906 1801 talis

359 1873 577 1935 Bellua
605 1863 966 1945 concipitur,
997 1856 1107 1919 sed
1134 1855 1313 1915 furva
1339 1856 1528 1930 gente
1555 1842 1755 1924 petita

357 1969 703 2035 Arboribus
731 1958 982 2024 Rutulis
1013 1965 1077 2017 et
1104 1949 1302 2013 Turni
1327 1945 1601 2028 pascitur
1628 1955 1797 2020 agro,
2277 1939 2367 1985 105

360 2068 640 2136 Caesaris
669 2070 1034 2130 armentum,
1064 2050 1221 2113 nulli
1248 2044 1478 2108 servire
1505 2047 1793 2121 paratum

360 2170 656 2241 Privat03
698 2157 1002 2241 siquidem
1029 2146 1222 2229 Tyrio
1249 2159 1463 2225 parere
1492 2134 1774 2198 solebant

361 2262 702 2329 Hannibali
730 2268 796 2319 et
822 2250 1048 2316 nostris
1077 2244 1338 2306 ducibus
1364 2236 1619 2317 regique
1646 2228 1923 2291 Molosso

365 2367 606 2426 Horum
636 2356 899 2438 majores
928 2371 1000 2412 ac
1028 2349 1212 2408 dorso
1240 2342 1399 2403 ferre
1430 2335 1732 2403 cohortes,

365 2464 619 2524 Partem
651 2456 918 2535 aliquam
946 2446 1095 2509 belli
1123 2454 1189 2506 et
1216 2447 1469 2502 euntem
1496 2432 1561 2492 in
1589 2424 1823 2509 proelia
1847 2417 2086 2483 turrim.
2282 2426 2376 2472 110

367 2559 561 2619 Nulla
588 2553 780 2635 igitur
803 2566 977 2609 mora
1003 2563 1115 2624 per
1139 2535 1436 2606 Novium,
1464 2544 1639 2588 mora
1665 2519 1835 2582 nulla
1861 2535 1972 2598 per
2000 2511 2281 2572 Histrum

370 2652 732 2723 Pacuvium,
759 2644 908 2726 quin
935 2638 1091 2701 illud
1119 2636 1272 2696 ebur
1299 2630 1564 2689 ducatur
1591 2620 1670 2681 ad
1700 2634 1836 2677 aras

369 2750 458 2809 Et
487 2747 670 2808 cadat
699 2750 844 2802 ante
871 2735 1060 2796 Lares
1088 2728 1354 2791 Gallitae
1383 2719 1655 2789 victima,
1684 2711 1813 2773 sola

372 2842 590 2905 Tantis
619 2839 809 2917 digna
837 2832 970 2892 deis
998 2836 1064 2888 et
1091 2816 1511 2903 captatoribus
1537 2814 1778 2873 horum.

375 2940 559 3000 Alter
585 2933 766 3005 enim,
796 2928 850 2990 si
877 2921 1180 2986 concedas
1206 2921 1496 2983 mactare,
1524 2902 1778 2968 vovebit
