2734 4017
1183 256 1458 305 sArmA
1503 259 1573 306 v.
2300 251 2383 318 27

370 421 662 498 Cultello,
690 422 891 486 donec
914 433 1173 505 peragat
1199 424 1437 485 dictata
1461 425 1741 506 magistri

369 518 618 579 Omnia.
702 520 843 582 Nec
869 522 1126 581 minimo
1154 541 1302 582 sane
1331 521 1685 587 discrimine
1711 529 1916 605 refert,

371 616 515 690 Quo
542 627 726 697 gestu
754 617 996 697 lepores
1023 628 1090 679 et
1116 639 1240 699 quo
1266 621 1500 700 gallina
1527 635 1786 688 secetur.

368 714 634 776 Duceris
659 714 877 794 planta
904 716 1079 776 velut
1104 715 1266 778 ictus
1293 718 1375 778 ab
1404 718 1676 784 Hercule
1707 726 1925 804 Cacus,
2290 746 2385 794 125

367 815 455 876 Et
480 832 713 895 ponere
739 811 904 886 foris,
934 812 985 873 si
1014 813 1165 893 quid
1193 821 1600 896 temptaveris
1627 844 1903 905 unquam

368 914 646 985 Hiscere,
672 921 970 991 tanquam
998 911 1227 974 habeas
1255 916 1379 976 tria
1404 921 1674 982 nomina.
1756 924 2027 998 Quando
2053 926 2344 1008 propinat

367 1014 559 1075 Virro
585 1010 704 1073 tibi
731 1010 1043 1091 sumitque
1073 1012 1198 1073 tuis
1228 1025 1519 1079 contacta
1544 1021 1784 1084 labellis

367 1112 606 1174 Pocula
623 1112 653 1171 P
693 1111 829 1192 quis
857 1122 1136 1172 vestrum
1166 1116 1529 1179 temerarius
1556 1139 1750 1201 usque
1779 1122 1953 1196 adeo,
1982 1120 2120 1203 quis

367 1211 680 1284 Perditus‚
709 1218 780 1269 ut
807 1207 977 1270 dieat
1005 1209 1154 1291 regi,
1182 1211 1326 1272 bibe
1346 1214 1378 1273 1³
1457 1215 1738 1278 Plurima
1764 1228 1911 1280 sunt
1938 1239 2096 1300 quae
2290 1234 2385 1281 13⁰

366 1310 516 1371 Non
545 1308 779 1371 audent
805 1309 1088 1370 homines
1116 1321 1371 1391 pertusa
1397 1313 1601 1375 dicere
1630 1316 1825 1377 laena.

368 1406 843 1488 Quadringenta
868 1407 987 1468 tibi
1015 1408 1066 1468 si
1092 1409 1230 1488 quis
1259 1410 1413 1471 deus
1442 1422 1551 1473 aut
1579 1412 1793 1474 similis
1821 1413 1916 1475 dis

366 1509 454 1571 Et
479 1508 698 1569 melior
723 1505 866 1566 fatis
895 1506 1158 1567 donaret
1186 1508 1539 1584 homuncio,
1567 1521 1837 1590 quantus

365 1606 467 1667 Ex
494 1604 688 1667 nihilo
715 1604 910 1678 fieres,
943 1614 1212 1685 quantus
1241 1605 1530 1668 Virronis
1558 1608 1822 1669 amicus!

366 1704 524 1765 “Da
550 1701 810 1764 Trebio!
852 1723 1016 1783 pone
1046 1704 1125 1764 ad
1156 1703 1491 1765 Trebium!
1577 1706 1712 1780 Vis,
1734 1706 1940 1782 frater,
1970 1708 2049 1769 ab
2075 1708 2211 1770 istis
2287 1724 2383 1770 135

365 1801 563 1864 Ilibus
581 1802 612 1861 1³
631 1799 667 1830 ”
749 1800 806 1860 O
835 1800 1092 1876 nummi,
1123 1802 1301 1862 vobis
1329 1802 1497 1863 hunc
1523 1812 1799 1883 praestat
1827 1805 2143 1882 honorem,

365 1901 502 1962 Vos
530 1900 678 1962 estis
703 1900 941 1961 fratres,
1020 1899 1330 1961 Dominus
1356 1909 1566 1961 tamen
1596 1909 1661 1962 et
1690 1901 1926 1963 domini
1952 1898 2063 1965 iex

366 1999 437 2061 si
463 1999 558 2060 vis
585 2006 659 2060 tu
684 1997 836 2073 fieri,
867 1998 1072 2058 nullus
1101 1997 1216 2058 tibi
1243 1999 1538 2078 parvulus
1567 1998 1709 2059 aula

364 2098 613 2159 Luserit
637 2097 906 2172 Aeneas,
936 2115 1054 2156 nec
1081 2095 1208 2156 filia
1237 2095 1478 2157 dulcior
1501 2095 1643 2157 illo:

362 2196 407 2260 J
407 2197 728 2259 ucundum
755 2205 822 2257 et
850 2214 1060 2256 carum
1089 2194 1315 2255 sterilis
1340 2194 1491 2255 facit
1517 2215 1674 2257 uxor
1697 2196 1983 2259 amicum.
2286 2212 2383 2258 14⁰

366 2296 494 2360 Sed
521 2306 634 2358 tua
659 2314 826 2356 nunc
853 2292 1087 2374 Migale
1114 2293 1316 2372 pariat
1342 2293 1492 2354 licet
1517 2303 1583 2355 et
1608 2313 1832 2374 pueros
1860 2305 1987 2357 tres

364 2394 442 2457 In
467 2394 775 2477 gremium
802 2391 997 2473 patris
1021 2390 1247 2452 fundat
1273 2390 1473 2466 simul,
1501 2392 1631 2472 ipse
1659 2392 1902 2474 loquaci

365 2493 682 2557 Gaudebit
709 2493 900 2569 nid03
942 2489 1201 2551 viridem
1231 2489 1487 2550 thoraca
1511 2489 1761 2569 jubebit

363 2592 594 2654 Afferri
622 2591 1030 2670 minimasque
1061 2606 1251 2648 nuces
1278 2605 1598 2667 assemque
1626 2596 1934 2667 rogatum,

364 2693 474 2754 Ad
501 2712 776 2755 mensam
809 2688 1049 2769 quoties
1076 2686 1382 2767 parasitus
1409 2683 1649 2744 venerit
1675 2683 1893 2745 infans.
2284 2701 2379 2746 145

365 2790 617 2852 Vilibus
643 2788 943 2870 ancipites
971 2785 1148 2866 fungi
1174 2789 1486 2864 ponentur
1512 2781 1743 2856 amicis,

365 2887 626 2950 Boletus
654 2887 947 2964 domin03
991 2885 1100 2947 sed
1132 2882 1344 2964 quales
1374 2879 1671 2943 Claudius
1700 2879 1833 2941 edit

364 2985 539 3047 Ante
565 2986 740 3046 illum
770 2984 979 3046 uxoris
1007 2993 1150 3065 post
1179 2999 1362 3062 quem
1392 2977 1483 3039 nil
1510 2977 1773 3058 amplius
1801 2977 1949 3040 edit.

364 3083 557 3146 Virro
584 3083 700 3145 sibi
729 3091 795 3144 et
821 3081 1072 3162 reliquis
1100 3079 1475 3141 Virronibus
1503 3076 1611 3137 illa
1632 3075 1882 3155 jubebit

366 3182 568 3242 Poma
595 3179 729 3241 dari
758 3198 1020 3260 quorum
1048 3178 1181 3239 solo
1208 3176 1477 3258 pascaris
1505 3175 1733 3236 odore:
2287 3188 2379 3233 150

369 3277 594 3352 Qualia
617 3284 954 3358 perpetuus
982 3275 1335 3336 Phaeacum
1363 3283 1698 3335 autumnus
1723 3271 2011 3347 habebat,

369 3376 638 3437 Credere
666 3393 825 3455 quae
850 3371 1047 3453 possis
1074 3379 1356 3452 surrepta
1384 3371 1695 3433 sororibus
1722 3370 1932 3431 Afris:

367 3472 469 3534 Tu
496 3472 701 3536 scabie
727 3469 944 3533 frueris
970 3468 1135 3544 mali,
1164 3468 1332 3551 quod
1359 3468 1425 3529 in
1448 3488 1673 3551 aggere
1700 3466 1886 3541 rodit,
