<?xml version="1.0" encoding="UTF-8"?>
<!DOCTYPE html PUBLIC "-//W3C//DTD XHTML 1.0 Transitional//EN"
    "http://www.w3.org/TR/xhtml1/DTD/xhtml1-transitional.dtd">
<html xmlns="http://www.w3.org/1999/xhtml" xml:lang="en" lang="en">
 <head>
  <title>
</title>
<meta http-equiv="Content-Type" content="text/html;charset=utf-8" />
  <meta name='ocr-system' content='tesseract 3.04.00' />
  <meta name='ocr-capabilities' content='ocr_page ocr_carea ocr_par ocr_line ocrx_word'/>
</head>
<body>
  <div class='ocr_page' id='page_1' title='image "./thirteensatires00unkngoog_0087.png"; bbox 0 0 2734 4017; ppageno 0'>
   <div class='ocr_carea' id='block_1_1' title="bbox 24 3 45 322">
    <p class='ocr_par' dir='ltr' id='par_1_1' title="bbox 24 3 45 322">
     <span class='ocr_line' id='line_1_1' title="bbox 24 3 45 322; textangle 90"><span class='ocrx_word' id='word_1_1' title='bbox 24 303 25 322; x_wconf 44' lang='lat'><em>⁴</em></span> <span class='ocrx_word' id='word_1_2' title='bbox 26 223 27 254; x_wconf 47' lang='grc' dir='ltr'><em>ᾼ</em></span> <span class='ocrx_word' id='word_1_3' title='bbox 28 63 41 182; x_wconf 49' lang='lat' dir='ltr'><strong>j*</strong></span> <span class='ocrx_word' id='word_1_4' title='bbox 32 3 45 6; x_wconf 73' lang='grc' dir='ltr'><strong>ι</strong></span> 
     </span>
    </p>
   </div>
   <div class='ocr_carea' id='block_1_2' title="bbox 1112 208 1595 259">
    <p class='ocr_par' dir='ltr' id='par_1_2' title="bbox 1112 208 1595 259">
     <span class='ocr_line' id='line_1_2' title="bbox 1112 208 1595 259; baseline -0.006 -1"><span class='ocrx_word' id='word_1_5' title='bbox 1112 208 1389 259; x_wconf 76' lang='lat' dir='ltr'>SATIBA</span> <span class='ocrx_word' id='word_1_6' title='bbox 1431 209 1595 257; x_wconf 84' lang='lat' dir='ltr'>XIII.</span> 
     </span>
    </p>
   </div>
   <div class='ocr_carea' id='block_1_3' title="bbox 322 375 2121 3484">
    <p class='ocr_par' dir='ltr' id='par_1_3' title="bbox 322 375 2051 653">
     <span class='ocr_line' id='line_1_3' title="bbox 322 375 2051 460; baseline -0.003 -20"><span class='ocrx_word' id='word_1_7' title='bbox 322 380 730 455; x_wconf 79' lang='lat' dir='ltr'><strong>Quaesitum,</strong></span> <span class='ocrx_word' id='word_1_8' title='bbox 755 387 823 441; x_wconf 88' lang='lat' dir='ltr'><strong>et</strong></span> <span class='ocrx_word' id='word_1_9' title='bbox 847 387 1065 460; x_wconf 86' lang='lat' dir='ltr'><strong>partos</strong></span> <span class='ocrx_word' id='word_1_10' title='bbox 1089 377 1303 459; x_wconf 86' lang='lat' dir='ltr'><strong>gladio</strong></span> <span class='ocrx_word' id='word_1_11' title='bbox 1320 377 1435 440; x_wconf 75' lang='lat' dir='ltr'><strong>vel</strong></span> <span class='ocrx_word' id='word_1_12' title='bbox 1460 375 1692 458; x_wconf 80' lang='lat' dir='ltr'>pyxide</span> <span class='ocrx_word' id='word_1_13' title='bbox 1721 376 2051 437; x_wconf 75' lang='lat' dir='ltr'><strong>nummos?</strong></span> 
     </span>
     <span class='ocr_line' id='line_1_4' title="bbox 322 473 2040 572; baseline -0.002 -34"><span class='ocrx_word' id='word_1_14' title='bbox 322 475 484 538; x_wconf 88' lang='lat' dir='ltr'><strong>Rari</strong></span> <span class='ocrx_word' id='word_1_15' title='bbox 514 476 763 572; x_wconf 89' lang='lat' dir='ltr'><strong>quippe</strong></span> <span class='ocrx_word' id='word_1_16' title='bbox 776 476 965 538; x_wconf 88' lang='lat' dir='ltr'><strong>boni.</strong></span> <span class='ocrx_word' id='word_1_17' title='bbox 1006 494 1300 536; x_wconf 85' lang='lat' dir='ltr'><strong>numerus</strong></span> <span class='ocrx_word' id='word_1_18' title='bbox 1326 475 1438 535; x_wconf 84' lang='lat' dir='ltr'><strong>vix</strong></span> <span class='ocrx_word' id='word_1_19' title='bbox 1466 483 1564 536; x_wconf 86' lang='lat' dir='ltr'><strong>est</strong></span> <span class='ocrx_word' id='word_1_20' title='bbox 1589 473 1858 534; x_wconf 88' lang='lat' dir='ltr'><strong>totidem</strong></span> <span class='ocrx_word' id='word_1_21' title='bbox 1884 482 2040 554; x_wconf 90' lang='lat' dir='ltr'><strong>quot</strong></span> 
     </span>
     <span class='ocr_line' id='line_1_5' title="bbox 325 570 1685 657; baseline -0.002 -23"><span class='ocrx_word' id='word_1_22' title='bbox 325 575 696 636; x_wconf 82' lang='lat' dir='ltr'><strong>Thebarum</strong></span> <span class='ocrx_word' id='word_1_23' title='bbox 723 583 942 657; x_wconf 78' lang='lat' dir='ltr'><strong>portae</strong></span> <span class='ocrx_word' id='word_1_24' title='bbox 969 574 1072 634; x_wconf 90' lang='lat' dir='ltr'><strong>vel</strong></span> <span class='ocrx_word' id='word_1_25' title='bbox 1099 571 1316 634; x_wconf 87' lang='lat' dir='ltr'><strong>divitis</strong></span> <span class='ocrx_word' id='word_1_26' title='bbox 1342 570 1506 633; x_wconf 88' lang='lat' dir='ltr'><strong>ostia</strong></span> <span class='ocrx_word' id='word_1_27' title='bbox 1531 570 1685 632; x_wconf 83' lang='lat' dir='ltr'><strong>Nili.</strong></span> 
     </span>
    </p>

    <p class='ocr_par' dir='ltr' id='par_1_4' title="bbox 326 667 1899 955">
     <span class='ocr_line' id='line_1_6' title="bbox 326 667 1734 750; baseline -0.004 -17"><span class='ocrx_word' id='word_1_28' title='bbox 326 672 524 734; x_wconf 81' lang='lat' dir='ltr'><strong>Nona</strong></span> <span class='ocrx_word' id='word_1_29' title='bbox 552 678 728 731; x_wconf 87' lang='lat' dir='ltr'><strong>aetas</strong></span> <span class='ocrx_word' id='word_1_30' title='bbox 756 669 965 750; x_wconf 88' lang='lat' dir='ltr'><strong>agitur</strong></span> <span class='ocrx_word' id='word_1_31' title='bbox 991 669 1326 750; x_wconf 88' lang='lat' dir='ltr'><strong>pejoraque</strong></span> <span class='ocrx_word' id='word_1_32' title='bbox 1351 668 1562 730; x_wconf 88' lang='lat' dir='ltr'><strong>secula</strong></span> <span class='ocrx_word' id='word_1_33' title='bbox 1586 667 1734 728; x_wconf 86' lang='lat' dir='ltr'><strong>ferri</strong></span> 
     </span>
     <span class='ocr_line' id='line_1_7' title="bbox 331 764 1899 868; baseline -0.002 -39"><span class='ocrx_word' id='word_1_34' title='bbox 331 766 772 849; x_wconf 79' lang='lat' dir='ltr'>Temporibus,</span> <span class='ocrx_word' id='word_1_35' title='bbox 803 786 1068 868; x_wconf 87' lang='lat' dir='ltr'><strong>quorum</strong></span> <span class='ocrx_word' id='word_1_36' title='bbox 1096 765 1314 828; x_wconf 87' lang='lat' dir='ltr'><strong>sceleri</strong></span> <span class='ocrx_word' id='word_1_37' title='bbox 1340 786 1468 827; x_wconf 89' lang='lat' dir='ltr'><strong>non</strong></span> <span class='ocrx_word' id='word_1_38' title='bbox 1494 764 1738 828; x_wconf 87' lang='lat' dir='ltr'><strong>invenit</strong></span> <span class='ocrx_word' id='word_1_39' title='bbox 1763 764 1899 847; x_wconf 85' lang='lat' dir='ltr'><strong>ipsa</strong></span> 
     </span>
     <span class='ocr_line' id='line_1_8' title="bbox 331 847 1732 955; baseline -0.002 -29"><span class='ocrx_word' id='word_1_40' title='bbox 331 866 593 928; x_wconf 82' lang='lat' dir='ltr'><strong>Nomen</strong></span> <span class='ocrx_word' id='word_1_41' title='bbox 620 872 688 925; x_wconf 92' lang='lat' dir='ltr'><strong>et</strong></span> <span class='ocrx_word' id='word_1_42' title='bbox 714 882 753 924; x_wconf 89' lang='lat' dir='ltr'><strong>a</strong></span> <span class='ocrx_word' id='word_1_43' title='bbox 780 847 953 925; x_wconf 81' lang='lat' dir='ltr'><strong>nulle</strong></span> <span class='ocrx_word' id='word_1_44' title='bbox 981 863 1191 955; x_wconf 87' lang='lat' dir='ltr'><strong>posuit</strong></span> <span class='ocrx_word' id='word_1_45' title='bbox 1218 872 1442 924; x_wconf 88' lang='lat' dir='ltr'><strong>natura</strong></span> <span class='ocrx_word' id='word_1_46' title='bbox 1461 863 1732 926; x_wconf 87' lang='lat' dir='ltr'><strong>meta110.</strong></span> 
     </span>
    </p>

    <p class='ocr_par' dir='ltr' id='par_1_5' title="bbox 335 957 2078 1532">
     <span class='ocr_line' id='line_1_9' title="bbox 335 957 2000 1042; baseline -0.002 -17"><span class='ocrx_word' id='word_1_47' title='bbox 335 967 469 1024; x_wconf 88' lang='lat' dir='ltr'><strong>Nos</strong></span> <span class='ocrx_word' id='word_1_48' title='bbox 496 960 825 1022; x_wconf 86' lang='lat' dir='ltr'><strong>hominum</strong></span> <span class='ocrx_word' id='word_1_49' title='bbox 858 957 1219 1042; x_wconf 87' lang='lat' dir='ltr'><strong>divumque</strong></span> <span class='ocrx_word' id='word_1_50' title='bbox 1222 960 1414 1021; x_wconf 88' lang='lat' dir='ltr'><strong>fidem</strong></span> <span class='ocrx_word' id='word_1_51' title='bbox 1452 961 1721 1023; x_wconf 87' lang='lat' dir='ltr'><strong>clamore</strong></span> <span class='ocrx_word' id='word_1_52' title='bbox 1747 959 2000 1037; x_wconf 81' lang='lat' dir='ltr'><strong>ciemus,</strong></span> 
     </span>
     <span class='ocr_line' id='line_1_10' title="bbox 339 1056 1813 1139; baseline -0.001 -17"><span class='ocrx_word' id='word_1_53' title='bbox 339 1062 600 1135; x_wconf 81' lang='lat' dir='ltr'><strong>Quanto</strong></span> <span class='ocrx_word' id='word_1_54' title='bbox 628 1057 990 1128; x_wconf 80' lang='lat' dir='ltr'><strong>Faesidium</strong></span> <span class='ocrx_word' id='word_1_55' title='bbox 1017 1056 1235 1119; x_wconf 86' lang='lat' dir='ltr'><strong>laudat</strong></span> <span class='ocrx_word' id='word_1_56' title='bbox 1263 1057 1496 1120; x_wconf 88' lang='lat' dir='ltr'><strong>vocalis</strong></span> <span class='ocrx_word' id='word_1_57' title='bbox 1519 1068 1813 1139; x_wconf 79' lang='lat' dir='ltr'><strong>agentem</strong></span> 
     </span>
     <span class='ocr_line' id='line_1_11' title="bbox 341 1154 1943 1242; baseline 0 -24"><span class='ocrx_word' id='word_1_58' title='bbox 341 1157 657 1242; x_wconf 75' lang='lat' dir='ltr'><strong>Sportula.</strong></span> <span class='ocrx_word' id='word_1_59' title='bbox 737 1154 879 1231; x_wconf 80' lang='lat' dir='ltr'><strong>Dic,</strong></span> <span class='ocrx_word' id='word_1_60' title='bbox 905 1155 1111 1216; x_wconf 85' lang='lat' dir='ltr'><strong>senior</strong></span> <span class='ocrx_word' id='word_1_61' title='bbox 1137 1155 1315 1216; x_wconf 89' lang='lat' dir='ltr'><strong>bulla</strong></span> <span class='ocrx_word' id='word_1_62' title='bbox 1337 1155 1715 1237; x_wconf 77' lang='lat' dir='ltr'>dignissime,</span> <span class='ocrx_word' id='word_1_63' title='bbox 1742 1155 1943 1218; x_wconf 83' lang='lat' dir='ltr'><strong>nescis</strong></span> 
     </span>
     <span class='ocr_line' id='line_1_12' title="bbox 341 1252 1892 1345; baseline 0 -28"><span class='ocrx_word' id='word_1_64' title='bbox 341 1257 516 1330; x_wconf 82' lang='lat' dir='ltr'><strong>Quas</strong></span> <span class='ocrx_word' id='word_1_65' title='bbox 543 1255 774 1316; x_wconf 87' lang='lat' dir='ltr'><strong>habeat</strong></span> <span class='ocrx_word' id='word_1_66' title='bbox 802 1252 1084 1345; x_wconf 72' lang='lat' dir='ltr'><strong>Veneres</strong></span> <span class='ocrx_word' id='word_1_67' title='bbox 1112 1252 1314 1314; x_wconf 90' lang='lat' dir='ltr'><strong>aliena</strong></span> <span class='ocrx_word' id='word_1_68' title='bbox 1338 1254 1603 1334; x_wconf 86' lang='lat' dir='ltr'><strong>pecunia</strong></span> <span class='ocrx_word' id='word_1_69' title='bbox 1621 1255 1652 1314; x_wconf 63' lang='grc' dir='ltr'><em>ἲ</em></span> <span class='ocrx_word' id='word_1_70' title='bbox 1691 1254 1892 1317; x_wconf 88' lang='lat' dir='ltr'><strong>nescis</strong></span> 
     </span>
     <span class='ocr_line' id='line_1_13' title="bbox 341 1351 2078 1434; baseline -0.001 -19"><span class='ocrx_word' id='word_1_71' title='bbox 341 1353 553 1426; x_wconf 80' lang='lat' dir='ltr'><strong>Quem</strong></span> <span class='ocrx_word' id='word_1_72' title='bbox 578 1362 692 1414; x_wconf 88' lang='lat' dir='ltr'><strong>tua</strong></span> <span class='ocrx_word' id='word_1_73' title='bbox 718 1351 1080 1432; x_wconf 72' lang='lat' dir='ltr'><strong>simplicitas</strong></span> <span class='ocrx_word' id='word_1_74' title='bbox 1120 1352 1313 1414; x_wconf 86' lang='lat' dir='ltr'><strong>risum</strong></span> <span class='ocrx_word' id='word_1_75' title='bbox 1341 1353 1535 1433; x_wconf 86' lang='lat' dir='ltr'><strong>vulgo</strong></span> <span class='ocrx_word' id='word_1_76' title='bbox 1561 1363 1830 1429; x_wconf 85' lang='lat' dir='ltr'><strong>moveat,</strong></span> <span class='ocrx_word' id='word_1_77' title='bbox 1858 1373 2078 1434; x_wconf 55' lang='lat' dir='ltr'><strong>quum1</strong></span> 
     </span>
     <span class='ocr_line' id='line_1_14' title="bbox 340 1449 1839 1532; baseline 0 -20"><span class='ocrx_word' id='word_1_78' title='bbox 340 1451 564 1532; x_wconf 78' lang='lat' dir='ltr'><strong>Exigis</strong></span> <span class='ocrx_word' id='word_1_79' title='bbox 593 1470 632 1511; x_wconf 92' lang='lat' dir='ltr'><strong>a</strong></span> <span class='ocrx_word' id='word_1_80' title='bbox 659 1469 975 1530; x_wconf 89' lang='lat' dir='ltr'><strong>quoquam</strong></span> <span class='ocrx_word' id='word_1_81' title='bbox 989 1469 1080 1532; x_wconf 25' lang='lat' dir='ltr'><strong>*ne</strong></span> <span class='ocrx_word' id='word_1_82' title='bbox 1108 1449 1363 1530; x_wconf 84' lang='lat' dir='ltr'><strong>pejeret,</strong></span> <span class='ocrx_word' id='word_1_83' title='bbox 1394 1460 1462 1512; x_wconf 89' lang='lat' dir='ltr'><strong>et</strong></span> <span class='ocrx_word' id='word_1_84' title='bbox 1487 1459 1671 1531; x_wconf 87' lang='lat' dir='ltr'><strong>putet</strong></span> <span class='ocrx_word' id='word_1_85' title='bbox 1697 1450 1839 1512; x_wconf 88' lang='lat' dir='ltr'><strong>ullis</strong></span> 
     </span>
    </p>

    <p class='ocr_par' dir='ltr' id='par_1_6' title="bbox 342 1546 2121 2019">
     <span class='ocr_line' id='line_1_15' title="bbox 342 1546 1935 1632; baseline -0.002 -22"><span class='ocrx_word' id='word_1_86' title='bbox 342 1548 499 1610; x_wconf 90' lang='lat' dir='ltr'><strong>Esse</strong></span> <span class='ocrx_word' id='word_1_87' title='bbox 530 1546 782 1632; x_wconf 70' lang='lat' dir='ltr'><strong>aliquod</strong></span> <span class='ocrx_word' id='word_1_88' title='bbox 811 1565 1041 1607; x_wconf 90' lang='lat' dir='ltr'><strong>numen</strong></span> <span class='ocrx_word' id='word_1_89' title='bbox 1070 1546 1320 1627; x_wconf 85' lang='lat' dir='ltr'><strong>templis</strong></span> <span class='ocrx_word' id='word_1_90' title='bbox 1346 1566 1612 1628; x_wconf 89' lang='lat' dir='ltr'><strong>araeque</strong></span> <span class='ocrx_word' id='word_1_91' title='bbox 1639 1547 1886 1609; x_wconf 89' lang='lat' dir='ltr'><strong>rubenti</strong></span> <span class='ocrx_word' id='word_1_92' title='bbox 1904 1548 1935 1607; x_wconf 63' lang='grc' dir='ltr'><strong><em>ἵ</em></strong></span> 
     </span>
     <span class='ocr_line' id='line_1_16' title="bbox 345 1643 2121 1732; baseline 0.001 -26"><span class='ocrx_word' id='word_1_93' title='bbox 345 1646 684 1732; x_wconf 69' lang='lat' dir='ltr'><strong>Quondam</strong></span> <span class='ocrx_word' id='word_1_94' title='bbox 709 1645 830 1705; x_wconf 89' lang='lat' dir='ltr'><strong>hoc</strong></span> <span class='ocrx_word' id='word_1_95' title='bbox 859 1643 1192 1726; x_wconf 77' lang='lat' dir='ltr'><strong>indigenae</strong></span> <span class='ocrx_word' id='word_1_96' title='bbox 1220 1644 1521 1707; x_wconf 78' lang='lat' dir='ltr'><strong>vivebant</strong></span> <span class='ocrx_word' id='word_1_97' title='bbox 1546 1663 1737 1719; x_wconf 90' lang='lat' dir='ltr'><strong>more,</strong></span> <span class='ocrx_word' id='word_1_98' title='bbox 1762 1644 2121 1726; x_wconf 76' lang='lat' dir='ltr'><strong>priusquam</strong></span> 
     </span>
     <span class='ocr_line' id='line_1_17' title="bbox 346 1741 1841 1822; baseline -0.001 -18"><span class='ocrx_word' id='word_1_99' title='bbox 346 1744 641 1805; x_wconf 85' lang='lat' dir='ltr'><strong>Sumeret</strong></span> <span class='ocrx_word' id='word_1_100' title='bbox 669 1750 980 1822; x_wconf 79' lang='lat' dir='ltr'><strong>agrestem</strong></span> <span class='ocrx_word' id='word_1_101' title='bbox 1004 1741 1211 1821; x_wconf 88' lang='lat' dir='ltr'><strong>posito</strong></span> <span class='ocrx_word' id='word_1_102' title='bbox 1238 1741 1593 1803; x_wconf 88' lang='lat' dir='ltr'><strong>diademate</strong></span> <span class='ocrx_word' id='word_1_103' title='bbox 1619 1742 1841 1803; x_wconf 78' lang='lat' dir='ltr'><strong>falcem</strong></span> 
     </span>
     <span class='ocr_line' id='line_1_18' title="bbox 349 1838 2036 1920; baseline 0 -18"><span class='ocrx_word' id='word_1_104' title='bbox 349 1841 658 1902; x_wconf 88' lang='lat' dir='ltr'><strong>Saturnus</strong></span> <span class='ocrx_word' id='word_1_105' title='bbox 687 1838 945 1920; x_wconf 82' lang='lat' dir='ltr'><strong>fugiens,</strong></span> <span class='ocrx_word' id='word_1_106' title='bbox 971 1847 1126 1900; x_wconf 90' lang='lat' dir='ltr'><strong>tunc</strong></span> <span class='ocrx_word' id='word_1_107' title='bbox 1152 1859 1348 1920; x_wconf 88' lang='lat' dir='ltr'><strong>quum</strong></span> <span class='ocrx_word' id='word_1_108' title='bbox 1374 1839 1742 1920; x_wconf 71' lang='lat' dir='ltr'><strong>virguncula</strong></span> <span class='ocrx_word' id='word_1_109' title='bbox 1766 1838 1938 1902; x_wconf 80' lang='lat' dir='ltr'><strong>June</strong></span> <span class='ocrx_word' id='word_1_110' title='bbox 2031 1903 2036 1908; x_wconf 71' lang='grc'>,</span> 
     </span>
     <span class='ocr_line' id='line_1_19' title="bbox 346 1935 1765 2019; baseline 0.001 -21"><span class='ocrx_word' id='word_1_111' title='bbox 346 1938 434 1999; x_wconf 86' lang='lat' dir='ltr'><strong>Et</strong></span> <span class='ocrx_word' id='word_1_112' title='bbox 460 1937 742 2019; x_wconf 86' lang='lat' dir='ltr'><strong>privatus</strong></span> <span class='ocrx_word' id='word_1_113' title='bbox 771 1936 974 1998; x_wconf 88' lang='lat' dir='ltr'><strong>adhuc</strong></span> <span class='ocrx_word' id='word_1_114' title='bbox 1001 1935 1211 1997; x_wconf 77' lang='lat' dir='ltr'><strong>Idaeis</strong></span> <span class='ocrx_word' id='word_1_115' title='bbox 1232 1935 1278 1997; x_wconf 89' lang='lat' dir='ltr'><strong>J</strong></span> <span class='ocrx_word' id='word_1_116' title='bbox 1279 1936 1527 2018; x_wconf 89' lang='lat' dir='ltr'><strong>uppiter</strong></span> <span class='ocrx_word' id='word_1_117' title='bbox 1553 1936 1765 2013; x_wconf 79' lang='lat' dir='ltr'><strong>antris,</strong></span> 
     </span>
    </p>

    <p class='ocr_par' dir='ltr' id='par_1_7' title="bbox 346 2034 1773 2115">
     <span class='ocr_line' id='line_1_20' title="bbox 346 2034 1773 2115; baseline 0.001 -20"><span class='ocrx_word' id='word_1_118' title='bbox 346 2035 544 2095; x_wconf 88' lang='lat' dir='ltr'><strong>Nulla</strong></span> <span class='ocrx_word' id='word_1_119' title='bbox 569 2055 757 2115; x_wconf 75' lang='lat' dir='ltr'><strong>super</strong></span> <span class='ocrx_word' id='word_1_120' title='bbox 782 2034 981 2097; x_wconf 87' lang='lat' dir='ltr'><strong>nubes</strong></span> <span class='ocrx_word' id='word_1_121' title='bbox 1006 2034 1297 2096; x_wconf 89' lang='lat' dir='ltr'><strong>convivia</strong></span> <span class='ocrx_word' id='word_1_122' title='bbox 1319 2034 1773 2111; x_wconf 84' lang='lat' dir='ltr'><strong>caelicolamm,</strong></span> 
     </span>
    </p>

    <p class='ocr_par' dir='ltr' id='par_1_8' title="bbox 346 2131 1883 2220">
     <span class='ocr_line' id='line_1_21' title="bbox 346 2131 1883 2220; baseline 0.001 -27"><span class='ocrx_word' id='word_1_123' title='bbox 346 2133 488 2194; x_wconf 84' lang='lat' dir='ltr'><strong>Nec</strong></span> <span class='ocrx_word' id='word_1_124' title='bbox 513 2152 671 2214; x_wconf 88' lang='lat' dir='ltr'><strong>puer</strong></span> <span class='ocrx_word' id='word_1_125' title='bbox 697 2131 941 2220; x_wconf 86' lang='lat' dir='ltr'><strong>Iliacus,</strong></span> <span class='ocrx_word' id='word_1_126' title='bbox 969 2132 1240 2195; x_wconf 86' lang='lat' dir='ltr'><strong>formosa</strong></span> <span class='ocrx_word' id='word_1_127' title='bbox 1265 2152 1381 2194; x_wconf 89' lang='lat' dir='ltr'><strong>nec</strong></span> <span class='ocrx_word' id='word_1_128' title='bbox 1409 2132 1697 2194; x_wconf 88' lang='lat' dir='ltr'><strong>Herculis</strong></span> <span class='ocrx_word' id='word_1_129' title='bbox 1728 2152 1883 2195; x_wconf 84' lang='lat' dir='ltr'><strong>uxor</strong></span> 
     </span>
    </p>

    <p class='ocr_par' dir='ltr' id='par_1_9' title="bbox 347 2226 2107 3190">
     <span class='ocr_line' id='line_1_22' title="bbox 347 2226 1834 2313; baseline 0.001 -21"><span class='ocrx_word' id='word_1_130' title='bbox 347 2231 459 2292; x_wconf 89' lang='lat' dir='ltr'><strong>Ad</strong></span> <span class='ocrx_word' id='word_1_131' title='bbox 484 2226 805 2313; x_wconf 47' lang='lat' dir='ltr'><strong>cyathos„</strong></span> <span class='ocrx_word' id='word_1_132' title='bbox 790 2239 858 2291; x_wconf 91' lang='lat' dir='ltr'><strong>et</strong></span> <span class='ocrx_word' id='word_1_133' title='bbox 887 2231 1025 2312; x_wconf 89' lang='lat' dir='ltr'><strong>jam</strong></span> <span class='ocrx_word' id='word_1_134' title='bbox 1050 2230 1280 2292; x_wconf 84' lang='lat' dir='ltr'><strong>siccato</strong></span> <span class='ocrx_word' id='word_1_135' title='bbox 1309 2242 1555 2292; x_wconf 77' lang='lat' dir='ltr'><strong>nectare</strong></span> <span class='ocrx_word' id='word_1_136' title='bbox 1582 2239 1834 2311; x_wconf 82' lang='lat' dir='ltr'><strong>tergens</strong></span> 
     </span>
     <span class='ocr_line' id='line_1_23' title="bbox 350 2305 1978 2409; baseline 0.001 -19"><span class='ocrx_word' id='word_1_137' title='bbox 350 2329 621 2391; x_wconf 85' lang='lat' dir='ltr'><strong>Brachia</strong></span> <span class='ocrx_word' id='word_1_138' title='bbox 647 2305 971 2390; x_wconf 84' lang='lat' dir='ltr'><strong>Vulcanus</strong></span> <span class='ocrx_word' id='word_1_139' title='bbox 998 2327 1299 2408; x_wconf 83' lang='lat' dir='ltr'><strong>Liparaea</strong></span> <span class='ocrx_word' id='word_1_140' title='bbox 1325 2327 1502 2409; x_wconf 89' lang='lat' dir='ltr'><strong>nigra</strong></span> <span class='ocrx_word' id='word_1_141' title='bbox 1526 2329 1805 2391; x_wconf 86' lang='lat' dir='ltr'><strong>taberna.</strong></span> <span class='ocrx_word' id='word_1_142' title='bbox 1973 2391 1978 2400; x_wconf 81' lang='grc'>,</span> 
     </span>
     <span class='ocr_line' id='line_1_24' title="bbox 349 2426 1984 2508; baseline 0.001 -20"><span class='ocrx_word' id='word_1_143' title='bbox 349 2426 713 2488; x_wconf 89' lang='lat' dir='ltr'><strong>Prandebat</strong></span> <span class='ocrx_word' id='word_1_144' title='bbox 740 2426 857 2488; x_wconf 91' lang='lat' dir='ltr'><strong>sibi</strong></span> <span class='ocrx_word' id='word_1_145' title='bbox 887 2427 1145 2508; x_wconf 83' lang='lat' dir='ltr'><strong>quisque</strong></span> <span class='ocrx_word' id='word_1_146' title='bbox 1173 2426 1345 2501; x_wconf 91' lang='lat' dir='ltr'><strong>deus,</strong></span> <span class='ocrx_word' id='word_1_147' title='bbox 1371 2446 1489 2487; x_wconf 90' lang='lat' dir='ltr'><strong>nec</strong></span> <span class='ocrx_word' id='word_1_148' title='bbox 1515 2426 1700 2488; x_wconf 87' lang='lat' dir='ltr'><strong>turba</strong></span> <span class='ocrx_word' id='word_1_149' title='bbox 1725 2427 1984 2489; x_wconf 88' lang='lat' dir='ltr'><strong>deorum</strong></span> 
     </span>
     <span class='ocr_line' id='line_1_25' title="bbox 351 2523 1899 2605; baseline 0.001 -20"><span class='ocrx_word' id='word_1_150' title='bbox 351 2524 524 2587; x_wconf 86' lang='lat' dir='ltr'><strong>Talis</strong></span> <span class='ocrx_word' id='word_1_151' title='bbox 553 2535 624 2586; x_wconf 89' lang='lat' dir='ltr'><strong>ut</strong></span> <span class='ocrx_word' id='word_1_152' title='bbox 654 2534 749 2586; x_wconf 87' lang='lat' dir='ltr'><strong>est</strong></span> <span class='ocrx_word' id='word_1_153' title='bbox 775 2524 981 2602; x_wconf 78' lang='lat' dir='ltr'><strong>hodie,</strong></span> <span class='ocrx_word' id='word_1_154' title='bbox 1006 2532 1431 2605; x_wconf 84' lang='lat' dir='ltr'><strong>contentaque</strong></span> <span class='ocrx_word' id='word_1_155' title='bbox 1455 2523 1660 2584; x_wconf 86' lang='lat' dir='ltr'><strong>sidera</strong></span> <span class='ocrx_word' id='word_1_156' title='bbox 1684 2525 1899 2605; x_wconf 84' lang='lat' dir='ltr'><strong>paucis</strong></span> 
     </span>
     <span class='ocr_line' id='line_1_26' title="bbox 353 2621 1930 2704; baseline 0 -21"><span class='ocrx_word' id='word_1_157' title='bbox 353 2622 733 2700; x_wconf 75' lang='lat' dir='ltr'><strong>Numinibus</strong></span> <span class='ocrx_word' id='word_1_158' title='bbox 761 2622 1067 2704; x_wconf 78' lang='lat' dir='ltr'><strong>miserum</strong></span> <span class='ocrx_word' id='word_1_159' title='bbox 1084 2622 1391 2702; x_wconf 78' lang='lat' dir='ltr'><strong>urgebant</strong></span> <span class='ocrx_word' id='word_1_160' title='bbox 1416 2621 1682 2683; x_wconf 87' lang='lat' dir='ltr'><strong>Atlanta</strong></span> <span class='ocrx_word' id='word_1_161' title='bbox 1705 2622 1930 2684; x_wconf 87' lang='lat' dir='ltr'><strong>minori</strong></span> 
     </span>
     <span class='ocr_line' id='line_1_27' title="bbox 353 2718 2107 2801; baseline 0.001 -20"><span class='ocrx_word' id='word_1_162' title='bbox 353 2721 662 2781; x_wconf 90' lang='lat' dir='ltr'><strong>Pondere.</strong></span> <span class='ocrx_word' id='word_1_163' title='bbox 691 2764 703 2799; x_wconf 64' lang='lat'>5</span> <span class='ocrx_word' id='word_1_164' title='bbox 739 2719 1048 2782; x_wconf 85' lang='lat' dir='ltr'><strong>Nondum</strong></span> <span class='ocrx_word' id='word_1_165' title='bbox 1079 2719 1300 2800; x_wconf 82' lang='lat' dir='ltr'><strong>aliquis</strong></span> <span class='ocrx_word' id='word_1_166' title='bbox 1325 2718 1584 2781; x_wconf 85' lang='lat' dir='ltr'><strong>sortitus</strong></span> <span class='ocrx_word' id='word_1_167' title='bbox 1611 2719 1790 2790; x_wconf 85' lang='lat' dir='ltr'><strong>triste</strong></span> <span class='ocrx_word' id='word_1_168' title='bbox 1817 2720 2107 2801; x_wconf 86' lang='lat' dir='ltr'><strong>profundi</strong></span> 
     </span>
     <span class='ocr_line' id='line_1_28' title="bbox 353 2803 2103 2900; baseline 0 -21"><span class='ocrx_word' id='word_1_169' title='bbox 353 2803 712 2898; x_wconf 85' lang='lat' dir='ltr'><strong>Imperium,</strong></span> <span class='ocrx_word' id='word_1_170' title='bbox 732 2827 850 2900; x_wconf 84' lang='lat' dir='ltr'><strong>aut</strong></span> <span class='ocrx_word' id='word_1_171' title='bbox 881 2816 1091 2879; x_wconf 88' lang='lat' dir='ltr'><strong>Sicula</strong></span> <span class='ocrx_word' id='word_1_172' title='bbox 1118 2827 1335 2879; x_wconf 87' lang='lat' dir='ltr'><strong>torvus</strong></span> <span class='ocrx_word' id='word_1_173' title='bbox 1363 2836 1506 2878; x_wconf 90' lang='lat' dir='ltr'><strong>cum</strong></span> <span class='ocrx_word' id='word_1_174' title='bbox 1532 2817 1799 2899; x_wconf 84' lang='lat' dir='ltr'><strong>conjuge</strong></span> <span class='ocrx_word' id='word_1_175' title='bbox 1826 2816 2103 2894; x_wconf 82' lang='lat' dir='ltr'><strong>Pluton3</strong></span> 
     </span>
     <span class='ocr_line' id='line_1_29' title="bbox 354 2915 2063 2992; baseline 0.002 -18"><span class='ocrx_word' id='word_1_176' title='bbox 354 2915 495 2977; x_wconf 86' lang='lat' dir='ltr'><strong>Nec</strong></span> <span class='ocrx_word' id='word_1_177' title='bbox 523 2925 677 2991; x_wconf 87' lang='lat' dir='ltr'><strong>rota,</strong></span> <span class='ocrx_word' id='word_1_178' title='bbox 704 2936 822 2992; x_wconf 86' lang='lat' dir='ltr'><strong>nec</strong></span> <span class='ocrx_word' id='word_1_179' title='bbox 850 2915 1093 2990; x_wconf 83' lang='lat' dir='ltr'><strong>Furiae,</strong></span> <span class='ocrx_word' id='word_1_180' title='bbox 1120 2935 1240 2976; x_wconf 90' lang='lat' dir='ltr'><strong>nec</strong></span> <span class='ocrx_word' id='word_1_181' title='bbox 1265 2934 1486 2976; x_wconf 84' lang='lat' dir='ltr'><strong>saxum</strong></span> <span class='ocrx_word' id='word_1_182' title='bbox 1515 2924 1627 2976; x_wconf 51' lang='lat' dir='ltr'><strong>¹aut</strong></span> <span class='ocrx_word' id='word_1_183' title='bbox 1653 2915 1918 2977; x_wconf 88' lang='lat' dir='ltr'><strong>vulturis</strong></span> <span class='ocrx_word' id='word_1_184' title='bbox 1945 2917 2063 2977; x_wconf 88' lang='lat' dir='ltr'><strong>atri</strong></span> 
     </span>
     <span class='ocr_line' id='line_1_30' title="bbox 357 3011 2034 3093; baseline 0.002 -22"><span class='ocrx_word' id='word_1_185' title='bbox 357 3011 617 3088; x_wconf 81' lang='lat' dir='ltr'><strong>Poena,</strong></span> <span class='ocrx_word' id='word_1_186' title='bbox 593 3033 609 3049; x_wconf 92' lang='lat'><strong>·</strong></span> <span class='ocrx_word' id='word_1_187' title='bbox 653 3013 769 3074; x_wconf 78' lang='lat' dir='ltr'><strong>sed</strong></span> <span class='ocrx_word' id='word_1_188' title='bbox 793 3012 1046 3073; x_wconf 83' lang='lat' dir='ltr'><strong>infernis</strong></span> <span class='ocrx_word' id='word_1_189' title='bbox 1074 3013 1297 3073; x_wconf 86' lang='lat' dir='ltr'><strong>hilares</strong></span> <span class='ocrx_word' id='word_1_190' title='bbox 1323 3012 1457 3072; x_wconf 87' lang='lat' dir='ltr'><strong>sine</strong></span> <span class='ocrx_word' id='word_1_191' title='bbox 1485 3012 1736 3093; x_wconf 83' lang='lat' dir='ltr'><strong>regibus</strong></span> <span class='ocrx_word' id='word_1_192' title='bbox 1762 3014 2034 3074; x_wconf 85' lang='lat' dir='ltr'><strong>umbrae.</strong></span> 
     </span>
     <span class='ocr_line' id='line_1_31' title="bbox 357 3109 1622 3190; baseline 0.002 -20"><span class='ocrx_word' id='word_1_193' title='bbox 357 3109 734 3190; x_wconf 82' lang='lat' dir='ltr'><strong>Improbitas</strong></span> <span class='ocrx_word' id='word_1_194' title='bbox 761 3110 868 3172; x_wconf 90' lang='lat' dir='ltr'><strong>illo</strong></span> <span class='ocrx_word' id='word_1_195' title='bbox 898 3110 1015 3170; x_wconf 89' lang='lat' dir='ltr'><strong>fuit</strong></span> <span class='ocrx_word' id='word_1_196' title='bbox 1043 3109 1421 3170; x_wconf 90' lang='lat' dir='ltr'><strong>admirabilis</strong></span> <span class='ocrx_word' id='word_1_197' title='bbox 1450 3129 1622 3172; x_wconf 88' lang='lat' dir='ltr'><strong>aevo.</strong></span> 
     </span>
    </p>

    <p class='ocr_par' dir='ltr' id='par_1_10' title="bbox 361 3206 2102 3383">
     <span class='ocr_line' id='line_1_32' title="bbox 361 3206 2102 3320; baseline 0.001 -53"><span class='ocrx_word' id='word_1_198' title='bbox 361 3207 718 3268; x_wconf 84' lang='lat' dir='ltr'><strong>Credebant</strong></span> <span class='ocrx_word' id='word_1_199' title='bbox 744 3208 864 3268; x_wconf 85' lang='lat' dir='ltr'><strong>hoc</strong></span> <span class='ocrx_word' id='word_1_200' title='bbox 891 3207 1128 3286; x_wconf 86' lang='lat' dir='ltr'><strong>grande</strong></span> <span class='ocrx_word' id='word_1_201' title='bbox 1157 3206 1328 3267; x_wconf 85' lang='lat' dir='ltr'><strong>nefas</strong></span> <span class='ocrx_word' id='word_1_202' title='bbox 1353 3216 1422 3267; x_wconf 89' lang='lat' dir='ltr'><strong>et</strong></span> <span class='ocrx_word' id='word_1_203' title='bbox 1448 3215 1647 3278; x_wconf 83' lang='lat' dir='ltr'><strong>morte</strong></span> <span class='ocrx_word' id='word_1_204' title='bbox 1675 3207 1993 3320; x_wconf 86' lang='lat' dir='ltr'><strong>piandum,</strong></span> <span class='ocrx_word' id='word_1_205' title='bbox 2053 3242 2058 3248; x_wconf 96' lang='lat'>·</span> <span class='ocrx_word' id='word_1_206' title='bbox 2095 3221 2102 3226; x_wconf 71' lang='grc'>“</span> 
     </span>
     <span class='ocr_line' id='line_1_33' title="bbox 363 3304 1730 3398; baseline 0.001 -34"><span class='ocrx_word' id='word_1_207' title='bbox 363 3304 431 3364; x_wconf 80' lang='lat' dir='ltr'><strong>Si</strong></span> <span class='ocrx_word' id='word_1_208' title='bbox 461 3304 713 3383; x_wconf 87' lang='lat' dir='ltr'><strong>juvenis</strong></span> <span class='ocrx_word' id='word_1_209' title='bbox 740 3305 956 3398; x_wconf 82' lang='lat' dir='ltr'><strong>vetule</strong></span> <span class='ocrx_word' id='word_1_210' title='bbox 982 3323 1107 3365; x_wconf 89' lang='lat' dir='ltr'><strong>non</strong></span> <span class='ocrx_word' id='word_1_211' title='bbox 1138 3313 1556 3365; x_wconf 83' lang='lat' dir='ltr'><strong>assurrexerat</strong></span> <span class='ocrx_word' id='word_1_212' title='bbox 1579 3313 1648 3365; x_wconf 88' lang='lat' dir='ltr'><strong>et</strong></span> <span class='ocrx_word' id='word_1_213' title='bbox 1676 3305 1730 3365; x_wconf 90' lang='lat' dir='ltr'><strong>si</strong></span> 
     </span>
    </p>

    <p class='ocr_par' dir='ltr' id='par_1_11' title="bbox 365 3398 1921 3484">
     <span class='ocr_line' id='line_1_34' title="bbox 365 3398 1921 3484; baseline 0 -21"><span class='ocrx_word' id='word_1_214' title='bbox 365 3402 639 3463; x_wconf 88' lang='lat' dir='ltr'><strong>Barbato</strong></span> <span class='ocrx_word' id='word_1_215' title='bbox 666 3401 1011 3483; x_wconf 86' lang='lat' dir='ltr'><strong>cuicunque</strong></span> <span class='ocrx_word' id='word_1_216' title='bbox 1038 3420 1208 3484; x_wconf 88' lang='lat' dir='ltr'><strong>puer,</strong></span> <span class='ocrx_word' id='word_1_217' title='bbox 1236 3398 1428 3461; x_wconf 88' lang='lat' dir='ltr'><strong>licet</strong></span> <span class='ocrx_word' id='word_1_218' title='bbox 1411 3421 1545 3482; x_wconf 79' lang='lat' dir='ltr'><strong>ipse</strong></span> <span class='ocrx_word' id='word_1_219' title='bbox 1571 3402 1815 3468; x_wconf 83' lang='lat' dir='ltr'><strong>videret</strong></span> <span class='ocrx_word' id='word_1_220' title='bbox 1915 3465 1921 3472; x_wconf 71' lang='grc'><em>,</em></span> 
     </span>
    </p>
   </div>
   <div class='ocr_carea' id='block_1_4' title="bbox 2270 190 2354 255">
    <p class='ocr_par' dir='ltr' id='par_1_12' title="bbox 2270 190 2354 255">
     <span class='ocr_line' id='line_1_35' title="bbox 2270 190 2354 255; baseline -0.012 0"><span class='ocrx_word' id='word_1_221' title='bbox 2270 190 2354 255; x_wconf 81' lang='lat'><strong>71</strong></span> 
     </span>
    </p>
   </div>
   <div class='ocr_carea' id='block_1_5' title="bbox 2299 2345 2367 2396">
    <p class='ocr_par' dir='ltr' id='par_1_13' title="bbox 2299 2345 2367 2396">
     <span class='ocr_line' id='line_1_36' title="bbox 2299 2345 2367 2396; baseline 0.074 -5"><span class='ocrx_word' id='word_1_222' title='bbox 2299 2345 2367 2396; x_wconf 66' lang='lat'><strong>45</strong></span> 
     </span>
    </p>
   </div>
  </div>
 </body>
</html>
